[
    {
        "timestamp": "2019-05-03T12:00:09.576Z",
        "symbol": "XBTUSD",
        "side": "Sell",
        "size": 18,
        "price": 5700,
        "tickDirection": "ZeroMinusTick",
        "trdMatchID": "e9836e7b-1c2d-d3f7-fbe4-2b9bd33c6f60",
        "grossValue": 315792,
        "homeNotional": 0.00315792,
        "foreignNotional": 18
    },
    {
        "timestamp": "2019-05-03T12:00:13.595Z",
        "symbol": "XBTUSD",
        "side": "Sell",
        "size": 1000,
        "price": 5700,
        "tickDirection": "ZeroMinusTick",
        "trdMatchID": "85d06e96-9ab0-bbfd-6585-8e96117e5f2f",
        "grossValue": 17544000,
        "homeNotional": 0.17544,
        "foreignNotional": 1000
    },
    {
        "timestamp": "2019-05-03T12:00:13.689Z",
        "symbol": "XBTUSD",
        "side": "Sell",
        "size": 5500,
        "price": 5700,
        "tickDirection": "ZeroMinusTick",
        "trdMatchID": "63178448-8a78-0756-8c6d-c761dba4263b",
        "grossValue": 96492000,
        "homeNotional": 0.96492,
        "foreignNotional": 5500
    },
    {
        "timestamp": "2019-05-03T12:00:13.718Z",
        "symbol": "XBTUSD",
        "side": "Buy",
        "size": 100,
        "price": 5700.5,
        "tickDirection": "PlusTick",
        "trdMatchID": "47d29d39-0725-5070-f1b5-50317bcb2b79",
        "grossValue": 1754200,
        "homeNotional": 0.017542,
        "foreignNotional": 100
    },
    {
        "timestamp": "2019-05-03T12:00:13.800Z",
        "symbol": "XBTUSD",
        "side": "Sell",
        "size": 900,
        "price": 5700,
        "tickDirection": "MinusTick",
        "trdMatchID": "fe0579cb-9f64-c0e3-55ed-87dc3284d8e3",
        "grossValue": 15789600,
        "homeNotional": 0.157896,
        "foreignNotional": 900
    },
    {
        "timestamp": "2019-05-03T12:00:13.992Z",
        "symbol": "XBTUSD",
        "side": "Sell",
        "size": 2000,
        "price": 5700,
        "tickDirection": "ZeroMinusTick",
        "trdMatchID": "d8469349-9363-261e-6563-17e7e9c870c9",
        "grossValue": 35088000,
        "homeNotional": 0.35088,
        "foreignNotional": 2000
    },
    {
        "timestamp": "2019-05-03T12:00:14.017Z",
        "symbol": "XBTUSD",
        "side": "Sell",
        "size": 900,
        "price": 5700,
        "tickDirection": "ZeroMinusTick",
        "trdMatchID": "996bb1a3-f275-9e1b-2d25-2590750cc1fe",
        "grossValue": 15789600,
        "homeNotional": 0.157896,
        "foreignNotional": 900
    },
    {
        "timestamp": "2019-05-03T12:00:14.131Z",
        "symbol": "XBTUSD",
        "side": "Sell",
        "size": 12500,
        "price": 5700,
        "tickDirection": "ZeroMinusTick",
        "trdMatchID": "2b1e6da3-6d57-a8c5-5928-18eed3095797",
        "grossValue": 219300000,
        "homeNotional": 2.193,
        "foreignNotional": 12500
    },
    {
        "timestamp": "2019-05-03T12:00:14.196Z",
        "symbol": "XBTUSD",
        "side": "Sell",
        "size": 15,
        "price": 5700,
        "tickDirection": "ZeroMinusTick",
        "trdMatchID": "38b65e64-d084-c73f-0c93-3d513a60ffc5",
        "grossValue": 263160,
        "homeNotional": 0.0026316,
        "foreignNotional": 15
    },
    {
        "timestamp": "2019-05-03T12:00:14.210Z",
        "symbol": "XBTUSD",
        "side": "Sell",
        "size": 80000,
        "price": 5700,
        "tickDirection": "ZeroMinusTick",
        "trdMatchID": "78fd9ae6-5441-6f81-dea7-9c08513b0091",
        "grossValue": 1403520000,
        "homeNotional": 14.0352,
        "foreignNotional": 80000
    },
    {
        "timestamp": "2019-05-03T12:00:14.265Z",
        "symbol": "XBTUSD",
        "side": "Buy",
        "size": 10,
        "price": 5700.5,
        "tickDirection": "PlusTick",
        "trdMatchID": "b4fbc1e9-75e7-2a77-b197-1604e20c3f50",
        "grossValue": 175420,
        "homeNotional": 0.0017542,
        "foreignNotional": 10
    },
    {
        "timestamp": "2019-05-03T12:00:14.281Z",
        "symbol": "XBTUSD",
        "side": "Buy",
        "size": 1,
        "price": 5700.5,
        "tickDirection": "ZeroPlusTick",
        "trdMatchID": "050542a7-2f23-e3d3-11da-74f6f9d41acd",
        "grossValue": 17542,
        "homeNotional": 0.00017542,
        "foreignNotional": 1
    },
    {
        "timestamp": "2019-05-03T12:00:14.346Z",
        "symbol": "XBTUSD",
        "side": "Sell",
        "size": 5000,
        "price": 5700,
        "tickDirection": "MinusTick",
        "trdMatchID": "10e9e9e4-bc4e-2265-c342-131c9044d86c",
        "grossValue": 87720000,
        "homeNotional": 0.8772,
        "foreignNotional": 5000
    },
    {
        "timestamp": "2019-05-03T12:00:14.897Z",
        "symbol": "XBTUSD",
        "side": "Sell",
        "size": 26275,
        "price": 5700,
        "tickDirection": "ZeroMinusTick",
        "trdMatchID": "601b73f0-c9df-cd53-54ec-b836b60fbe20",
        "grossValue": 460968600,
        "homeNotional": 4.609686,
        "foreignNotional": 26275
    },
    {
        "timestamp": "2019-05-03T12:00:14.897Z",
        "symbol": "XBTUSD",
        "side": "Sell",
        "size": 182,
        "price": 5700,
        "tickDirection": "ZeroMinusTick",
        "trdMatchID": "c9edcc6c-2049-2472-4fdb-234ec536befc",
        "grossValue": 3193008,
        "homeNotional": 0.03193008,
        "foreignNotional": 182
    },
    {
        "timestamp": "2019-05-03T12:00:14.897Z",
        "symbol": "XBTUSD",
        "side": "Sell",
        "size": 150,
        "price": 5700,
        "tickDirection": "ZeroMinusTick",
        "trdMatchID": "cc3701b6-cb46-fbc4-c3b0-9e6161a2ec58",
        "grossValue": 2631600,
        "homeNotional": 0.026316,
        "foreignNotional": 150
    },
    {
        "timestamp": "2019-05-03T12:00:14.897Z",
        "symbol": "XBTUSD",
        "side": "Sell",
        "size": 1111,
        "price": 5700,
        "tickDirection": "ZeroMinusTick",
        "trdMatchID": "dc74dd6f-59d9-ce63-e861-980e3244a5b4",
        "grossValue": 19491384,
        "homeNotional": 0.19491384,
        "foreignNotional": 1111
    },
    {
        "timestamp": "2019-05-03T12:00:14.897Z",
        "symbol": "XBTUSD",
        "side": "Sell",
        "size": 5000,
        "price": 5700,
        "tickDirection": "ZeroMinusTick",
        "trdMatchID": "8416e8ef-fb33-0e4c-9fe6-1399f699b2a3",
        "grossValue": 87720000,
        "homeNotional": 0.8772,
        "foreignNotional": 5000
    },
    {
        "timestamp": "2019-05-03T12:00:14.897Z",
        "symbol": "XBTUSD",
        "side": "Sell",
        "size": 1000,
        "price": 5700,
        "tickDirection": "ZeroMinusTick",
        "trdMatchID": "37a05b9a-7945-aadb-d1f7-cc0f64aa96b6",
        "grossValue": 17544000,
        "homeNotional": 0.17544,
        "foreignNotional": 1000
    },
    {
        "timestamp": "2019-05-03T12:00:14.897Z",
        "symbol": "XBTUSD",
        "side": "Sell",
        "size": 15,
        "price": 5700,
        "tickDirection": "ZeroMinusTick",
        "trdMatchID": "50db6f4c-cc97-8630-fc73-147271509325",
        "grossValue": 263160,
        "homeNotional": 0.0026316,
        "foreignNotional": 15
    },
    {
        "timestamp": "2019-05-03T12:00:14.897Z",
        "symbol": "XBTUSD",
        "side": "Sell",
        "size": 2,
        "price": 5700,
        "tickDirection": "ZeroMinusTick",
        "trdMatchID": "2b29a559-88b5-dfa9-cef5-084f3b561b4a",
        "grossValue": 35088,
        "homeNotional": 0.00035088,
        "foreignNotional": 2
    },
    {
        "timestamp": "2019-05-03T12:00:14.897Z",
        "symbol": "XBTUSD",
        "side": "Sell",
        "size": 2,
        "price": 5700,
        "tickDirection": "ZeroMinusTick",
        "trdMatchID": "f357a8c1-9f05-b517-d853-7bf60b45d255",
        "grossValue": 35088,
        "homeNotional": 0.00035088,
        "foreignNotional": 2
    },
    {
        "timestamp": "2019-05-03T12:00:14.897Z",
        "symbol": "XBTUSD",
        "side": "Sell",
        "size": 3000,
        "price": 5700,
        "tickDirection": "ZeroMinusTick",
        "trdMatchID": "77ac2cde-2682-7510-3e3f-510d1fdb820f",
        "grossValue": 52632000,
        "homeNotional": 0.52632,
        "foreignNotional": 3000
    },
    {
        "timestamp": "2019-05-03T12:00:14.897Z",
        "symbol": "XBTUSD",
        "side": "Sell",
        "size": 8263,
        "price": 5700,
        "tickDirection": "ZeroMinusTick",
        "trdMatchID": "0e05d583-8fa4-1ceb-1388-d97822e5a125",
        "grossValue": 144966072,
        "homeNotional": 1.44966072,
        "foreignNotional": 8263
    },
    {
        "timestamp": "2019-05-03T12:00:15.018Z",
        "symbol": "XBTUSD",
        "side": "Sell",
        "size": 20000,
        "price": 5700,
        "tickDirection": "ZeroMinusTick",
        "trdMatchID": "8cc491ef-bfe1-9dea-abfb-881170a52135",
        "grossValue": 350880000,
        "homeNotional": 3.5088,
        "foreignNotional": 20000
    },
    {
        "timestamp": "2019-05-03T12:00:33.518Z",
        "symbol": "XBTUSD",
        "side": "Sell",
        "size": 17,
        "price": 5700,
        "tickDirection": "ZeroMinusTick",
        "trdMatchID": "da9b6c9e-da60-a615-ee0a-749afa98caa5",
        "grossValue": 298248,
        "homeNotional": 0.00298248,
        "foreignNotional": 17
    },
    {
        "timestamp": "2019-05-03T12:00:33.531Z",
        "symbol": "XBTUSD",
        "side": "Sell",
        "size": 2000,
        "price": 5700,
        "tickDirection": "ZeroMinusTick",
        "trdMatchID": "6919cd06-6bbb-aa83-6ada-90a4997055c9",
        "grossValue": 35088000,
        "homeNotional": 0.35088,
        "foreignNotional": 2000
    },
    {
        "timestamp": "2019-05-03T12:00:33.540Z",
        "symbol": "XBTUSD",
        "side": "Sell",
        "size": 8612,
        "price": 5700,
        "tickDirection": "ZeroMinusTick",
        "trdMatchID": "821fed26-1981-17c0-7736-64cfa5b25fbc",
        "grossValue": 151088928,
        "homeNotional": 1.51088928,
        "foreignNotional": 8612
    },
    {
        "timestamp": "2019-05-03T12:00:38.359Z",
        "symbol": "XBTUSD",
        "side": "Buy",
        "size": 642,
        "price": 5700.5,
        "tickDirection": "PlusTick",
        "trdMatchID": "5a28b21d-3b4c-1875-85ff-98977f4c65ef",
        "grossValue": 11261964,
        "homeNotional": 0.11261964,
        "foreignNotional": 642
    },
    {
        "timestamp": "2019-05-03T12:00:38.359Z",
        "symbol": "XBTUSD",
        "side": "Buy",
        "size": 691,
        "price": 5700.5,
        "tickDirection": "ZeroPlusTick",
        "trdMatchID": "dee7f055-623e-7bc6-4f8a-edc8d2e32b29",
        "grossValue": 12121522,
        "homeNotional": 0.12121522,
        "foreignNotional": 691
    },
    {
        "timestamp": "2019-05-03T12:00:39.181Z",
        "symbol": "XBTUSD",
        "side": "Buy",
        "size": 19309,
        "price": 5700.5,
        "tickDirection": "ZeroPlusTick",
        "trdMatchID": "10792c6e-2a59-42f2-607a-37bb7d963742",
        "grossValue": 338718478,
        "homeNotional": 3.38718478,
        "foreignNotional": 19309
    },
    {
        "timestamp": "2019-05-03T12:00:39.181Z",
        "symbol": "XBTUSD",
        "side": "Buy",
        "size": 1937,
        "price": 5700.5,
        "tickDirection": "ZeroPlusTick",
        "trdMatchID": "ac562b82-1547-fdb8-5e0c-3279e6a4dc3d",
        "grossValue": 33978854,
        "homeNotional": 0.33978854,
        "foreignNotional": 1937
    },
    {
        "timestamp": "2019-05-03T12:00:39.181Z",
        "symbol": "XBTUSD",
        "side": "Buy",
        "size": 4000,
        "price": 5700.5,
        "tickDirection": "ZeroPlusTick",
        "trdMatchID": "456f9a63-dad0-0f9d-affe-56130caadfa6",
        "grossValue": 70168000,
        "homeNotional": 0.70168,
        "foreignNotional": 4000
    },
    {
        "timestamp": "2019-05-03T12:00:39.181Z",
        "symbol": "XBTUSD",
        "side": "Buy",
        "size": 1784,
        "price": 5700.5,
        "tickDirection": "ZeroPlusTick",
        "trdMatchID": "b3b15fec-a4a8-18c1-0ebc-2e38b1c6cb57",
        "grossValue": 31294928,
        "homeNotional": 0.31294928,
        "foreignNotional": 1784
    },
    {
        "timestamp": "2019-05-03T12:00:39.181Z",
        "symbol": "XBTUSD",
        "side": "Buy",
        "size": 50,
        "price": 5700.5,
        "tickDirection": "ZeroPlusTick",
        "trdMatchID": "f6b0f451-72c7-9a0e-3ab0-65cbe724a944",
        "grossValue": 877100,
        "homeNotional": 0.008771,
        "foreignNotional": 50
    },
    {
        "timestamp": "2019-05-03T12:00:39.181Z",
        "symbol": "XBTUSD",
        "side": "Buy",
        "size": 12,
        "price": 5700.5,
        "tickDirection": "ZeroPlusTick",
        "trdMatchID": "97e20dac-5223-1008-dcb3-9eaf73665aec",
        "grossValue": 210504,
        "homeNotional": 0.00210504,
        "foreignNotional": 12
    },
    {
        "timestamp": "2019-05-03T12:00:39.181Z",
        "symbol": "XBTUSD",
        "side": "Buy",
        "size": 60,
        "price": 5700.5,
        "tickDirection": "ZeroPlusTick",
        "trdMatchID": "56a7faf3-03eb-dd36-e570-465a1c26a985",
        "grossValue": 1052520,
        "homeNotional": 0.0105252,
        "foreignNotional": 60
    },
    {
        "timestamp": "2019-05-03T12:00:39.181Z",
        "symbol": "XBTUSD",
        "side": "Buy",
        "size": 2,
        "price": 5700.5,
        "tickDirection": "ZeroPlusTick",
        "trdMatchID": "c2af3d15-1703-6b51-7671-dea0b9b9fb08",
        "grossValue": 35084,
        "homeNotional": 0.00035084,
        "foreignNotional": 2
    },
    {
        "timestamp": "2019-05-03T12:00:39.181Z",
        "symbol": "XBTUSD",
        "side": "Buy",
        "size": 1,
        "price": 5700.5,
        "tickDirection": "ZeroPlusTick",
        "trdMatchID": "f9beb239-d2f6-13cf-13c2-56bfba1b154f",
        "grossValue": 17542,
        "homeNotional": 0.00017542,
        "foreignNotional": 1
    },
    {
        "timestamp": "2019-05-03T12:00:39.181Z",
        "symbol": "XBTUSD",
        "side": "Buy",
        "size": 16,
        "price": 5700.5,
        "tickDirection": "ZeroPlusTick",
        "trdMatchID": "6ebb8cab-fdad-0849-8ac0-0dd5e91687db",
        "grossValue": 280672,
        "homeNotional": 0.00280672,
        "foreignNotional": 16
    },
    {
        "timestamp": "2019-05-03T12:00:39.181Z",
        "symbol": "XBTUSD",
        "side": "Buy",
        "size": 51,
        "price": 5700.5,
        "tickDirection": "ZeroPlusTick",
        "trdMatchID": "b2138d72-ebd9-abc7-d860-c1555a8fcb2c",
        "grossValue": 894642,
        "homeNotional": 0.00894642,
        "foreignNotional": 51
    },
    {
        "timestamp": "2019-05-03T12:00:39.181Z",
        "symbol": "XBTUSD",
        "side": "Buy",
        "size": 1,
        "price": 5700.5,
        "tickDirection": "ZeroPlusTick",
        "trdMatchID": "b982a3bf-2f97-1f63-973c-d183b662a3d8",
        "grossValue": 17542,
        "homeNotional": 0.00017542,
        "foreignNotional": 1
    },
    {
        "timestamp": "2019-05-03T12:00:39.181Z",
        "symbol": "XBTUSD",
        "side": "Buy",
        "size": 1,
        "price": 5700.5,
        "tickDirection": "ZeroPlusTick",
        "trdMatchID": "84ad36d5-5c6c-5a4d-6834-30d243ee5261",
        "grossValue": 17542,
        "homeNotional": 0.00017542,
        "foreignNotional": 1
    },
    {
        "timestamp": "2019-05-03T12:00:39.181Z",
        "symbol": "XBTUSD",
        "side": "Buy",
        "size": 2,
        "price": 5700.5,
        "tickDirection": "ZeroPlusTick",
        "trdMatchID": "54d53381-b0e3-d1e4-9781-9ab2b9073d62",
        "grossValue": 35084,
        "homeNotional": 0.00035084,
        "foreignNotional": 2
    },
    {
        "timestamp": "2019-05-03T12:00:39.181Z",
        "symbol": "XBTUSD",
        "side": "Buy",
        "size": 50,
        "price": 5700.5,
        "tickDirection": "ZeroPlusTick",
        "trdMatchID": "6823c5ff-9f82-37ef-6955-d69db08ab7a3",
        "grossValue": 877100,
        "homeNotional": 0.008771,
        "foreignNotional": 50
    },
    {
        "timestamp": "2019-05-03T12:00:39.181Z",
        "symbol": "XBTUSD",
        "side": "Buy",
        "size": 6425,
        "price": 5700.5,
        "tickDirection": "ZeroPlusTick",
        "trdMatchID": "758e186f-a7a8-326d-5085-2d2852b70e08",
        "grossValue": 112707350,
        "homeNotional": 1.1270735,
        "foreignNotional": 6425
    },
    {
        "timestamp": "2019-05-03T12:00:39.181Z",
        "symbol": "XBTUSD",
        "side": "Buy",
        "size": 10000,
        "price": 5700.5,
        "tickDirection": "ZeroPlusTick",
        "trdMatchID": "3dda6844-6913-3393-c102-8136a5a7f23d",
        "grossValue": 175420000,
        "homeNotional": 1.7542,
        "foreignNotional": 10000
    },
    {
        "timestamp": "2019-05-03T12:00:39.181Z",
        "symbol": "XBTUSD",
        "side": "Buy",
        "size": 23299,
        "price": 5700.5,
        "tickDirection": "ZeroPlusTick",
        "trdMatchID": "518201a7-5b0d-5a32-3b32-1fa51bd81e46",
        "grossValue": 408711058,
        "homeNotional": 4.08711058,
        "foreignNotional": 23299
    },
    {
        "timestamp": "2019-05-03T12:00:39.722Z",
        "symbol": "XBTUSD",
        "side": "Sell",
        "size": 3500,
        "price": 5700,
        "tickDirection": "MinusTick",
        "trdMatchID": "279663ea-bdaf-50e0-4dc2-078554f668fe",
        "grossValue": 61404000,
        "homeNotional": 0.61404,
        "foreignNotional": 3500
    },
    {
        "timestamp": "2019-05-03T12:00:40.706Z",
        "symbol": "XBTUSD",
        "side": "Sell",
        "size": 120,
        "price": 5700,
        "tickDirection": "ZeroMinusTick",
        "trdMatchID": "e36c5537-1d23-79b8-f804-d7d825673e48",
        "grossValue": 2105280,
        "homeNotional": 0.0210528,
        "foreignNotional": 120
    },
    {
        "timestamp": "2019-05-03T12:00:40.749Z",
        "symbol": "XBTUSD",
        "side": "Sell",
        "size": 17488,
        "price": 5700,
        "tickDirection": "ZeroMinusTick",
        "trdMatchID": "41ca3e55-4cfe-114d-4c77-0f5c9855a05d",
        "grossValue": 306809472,
        "homeNotional": 3.06809472,
        "foreignNotional": 17488
    },
    {
        "timestamp": "2019-05-03T12:00:40.749Z",
        "symbol": "XBTUSD",
        "side": "Sell",
        "size": 100,
        "price": 5700,
        "tickDirection": "ZeroMinusTick",
        "trdMatchID": "44708e9a-c2c4-0e79-75a7-eddd9a887e9a",
        "grossValue": 1754400,
        "homeNotional": 0.017544,
        "foreignNotional": 100
    },
    {
        "timestamp": "2019-05-03T12:00:40.749Z",
        "symbol": "XBTUSD",
        "side": "Sell",
        "size": 51,
        "price": 5700,
        "tickDirection": "ZeroMinusTick",
        "trdMatchID": "1efadeba-e482-34dc-f283-bdfa938bbca3",
        "grossValue": 894744,
        "homeNotional": 0.00894744,
        "foreignNotional": 51
    },
    {
        "timestamp": "2019-05-03T12:00:40.749Z",
        "symbol": "XBTUSD",
        "side": "Sell",
        "size": 8,
        "price": 5700,
        "tickDirection": "ZeroMinusTick",
        "trdMatchID": "2df48d75-65c2-32e3-a0a0-d1916427e2de",
        "grossValue": 140352,
        "homeNotional": 0.00140352,
        "foreignNotional": 8
    },
    {
        "timestamp": "2019-05-03T12:00:40.749Z",
        "symbol": "XBTUSD",
        "side": "Sell",
        "size": 17,
        "price": 5700,
        "tickDirection": "ZeroMinusTick",
        "trdMatchID": "5ed3f3dc-31cc-65cd-5d6f-108b25736d7d",
        "grossValue": 298248,
        "homeNotional": 0.00298248,
        "foreignNotional": 17
    },
    {
        "timestamp": "2019-05-03T12:00:40.749Z",
        "symbol": "XBTUSD",
        "side": "Sell",
        "size": 6,
        "price": 5700,
        "tickDirection": "ZeroMinusTick",
        "trdMatchID": "26382710-800f-c0d6-6ce7-dc1d01de6078",
        "grossValue": 105264,
        "homeNotional": 0.00105264,
        "foreignNotional": 6
    },
    {
        "timestamp": "2019-05-03T12:00:40.749Z",
        "symbol": "XBTUSD",
        "side": "Sell",
        "size": 15,
        "price": 5700,
        "tickDirection": "ZeroMinusTick",
        "trdMatchID": "dfe53870-a90c-dfca-f369-c4e46a91d486",
        "grossValue": 263160,
        "homeNotional": 0.0026316,
        "foreignNotional": 15
    },
    {
        "timestamp": "2019-05-03T12:00:40.749Z",
        "symbol": "XBTUSD",
        "side": "Sell",
        "size": 2,
        "price": 5700,
        "tickDirection": "ZeroMinusTick",
        "trdMatchID": "398a000e-c0ef-0f0a-f691-0d98b92201b3",
        "grossValue": 35088,
        "homeNotional": 0.00035088,
        "foreignNotional": 2
    },
    {
        "timestamp": "2019-05-03T12:00:40.749Z",
        "symbol": "XBTUSD",
        "side": "Sell",
        "size": 2,
        "price": 5700,
        "tickDirection": "ZeroMinusTick",
        "trdMatchID": "e7972e51-b9ab-d890-8869-6316aa595030",
        "grossValue": 35088,
        "homeNotional": 0.00035088,
        "foreignNotional": 2
    },
    {
        "timestamp": "2019-05-03T12:00:40.749Z",
        "symbol": "XBTUSD",
        "side": "Sell",
        "size": 2000,
        "price": 5700,
        "tickDirection": "ZeroMinusTick",
        "trdMatchID": "1c9e71dd-6029-997e-6d59-ab796dcb8d5e",
        "grossValue": 35088000,
        "homeNotional": 0.35088,
        "foreignNotional": 2000
    },
    {
        "timestamp": "2019-05-03T12:00:40.749Z",
        "symbol": "XBTUSD",
        "side": "Sell",
        "size": 41330,
        "price": 5700,
        "tickDirection": "ZeroMinusTick",
        "trdMatchID": "9f78775c-8f63-2512-d157-5675a8b2828a",
        "grossValue": 725093520,
        "homeNotional": 7.2509352,
        "foreignNotional": 41330
    },
    {
        "timestamp": "2019-05-03T12:00:40.749Z",
        "symbol": "XBTUSD",
        "side": "Sell",
        "size": 3000,
        "price": 5700,
        "tickDirection": "ZeroMinusTick",
        "trdMatchID": "9edc8231-7156-74bc-e825-81a73e6037ae",
        "grossValue": 52632000,
        "homeNotional": 0.52632,
        "foreignNotional": 3000
    },
    {
        "timestamp": "2019-05-03T12:00:40.749Z",
        "symbol": "XBTUSD",
        "side": "Sell",
        "size": 3000,
        "price": 5700,
        "tickDirection": "ZeroMinusTick",
        "trdMatchID": "c9110cc3-3f9f-3222-9202-89945de57b0f",
        "grossValue": 52632000,
        "homeNotional": 0.52632,
        "foreignNotional": 3000
    },
    {
        "timestamp": "2019-05-03T12:00:40.749Z",
        "symbol": "XBTUSD",
        "side": "Sell",
        "size": 17,
        "price": 5700,
        "tickDirection": "ZeroMinusTick",
        "trdMatchID": "c41b3ddd-3f84-c016-5095-8dd152adaa4f",
        "grossValue": 298248,
        "homeNotional": 0.00298248,
        "foreignNotional": 17
    },
    {
        "timestamp": "2019-05-03T12:00:40.749Z",
        "symbol": "XBTUSD",
        "side": "Sell",
        "size": 16,
        "price": 5700,
        "tickDirection": "ZeroMinusTick",
        "trdMatchID": "a2beefc2-3a0e-f790-7c82-45d3a8b213c9",
        "grossValue": 280704,
        "homeNotional": 0.00280704,
        "foreignNotional": 16
    },
    {
        "timestamp": "2019-05-03T12:00:40.749Z",
        "symbol": "XBTUSD",
        "side": "Sell",
        "size": 16,
        "price": 5700,
        "tickDirection": "ZeroMinusTick",
        "trdMatchID": "56e8f89f-f14f-258e-2021-6a77f52fa9ea",
        "grossValue": 280704,
        "homeNotional": 0.00280704,
        "foreignNotional": 16
    },
    {
        "timestamp": "2019-05-03T12:00:40.749Z",
        "symbol": "XBTUSD",
        "side": "Sell",
        "size": 2500,
        "price": 5700,
        "tickDirection": "ZeroMinusTick",
        "trdMatchID": "a903ad92-fc67-54fd-c167-317adf4e003d",
        "grossValue": 43860000,
        "homeNotional": 0.4386,
        "foreignNotional": 2500
    },
    {
        "timestamp": "2019-05-03T12:00:40.749Z",
        "symbol": "XBTUSD",
        "side": "Sell",
        "size": 17,
        "price": 5700,
        "tickDirection": "ZeroMinusTick",
        "trdMatchID": "2fbcee49-59be-0755-7f05-93f9f8a5413d",
        "grossValue": 298248,
        "homeNotional": 0.00298248,
        "foreignNotional": 17
    },
    {
        "timestamp": "2019-05-03T12:00:40.749Z",
        "symbol": "XBTUSD",
        "side": "Sell",
        "size": 565,
        "price": 5700,
        "tickDirection": "ZeroMinusTick",
        "trdMatchID": "02af723c-356a-500d-a1de-e9977bb51366",
        "grossValue": 9912360,
        "homeNotional": 0.0991236,
        "foreignNotional": 565
    },
    {
        "timestamp": "2019-05-03T12:00:40.749Z",
        "symbol": "XBTUSD",
        "side": "Sell",
        "size": 565,
        "price": 5700,
        "tickDirection": "ZeroMinusTick",
        "trdMatchID": "95957ce3-68ae-7047-9519-43cd77ecc708",
        "grossValue": 9912360,
        "homeNotional": 0.0991236,
        "foreignNotional": 565
    },
    {
        "timestamp": "2019-05-03T12:00:40.749Z",
        "symbol": "XBTUSD",
        "side": "Sell",
        "size": 3000,
        "price": 5700,
        "tickDirection": "ZeroMinusTick",
        "trdMatchID": "367669fd-d2f5-0405-175e-97ddb4f4c3d5",
        "grossValue": 52632000,
        "homeNotional": 0.52632,
        "foreignNotional": 3000
    },
    {
        "timestamp": "2019-05-03T12:00:40.749Z",
        "symbol": "XBTUSD",
        "side": "Sell",
        "size": 16,
        "price": 5700,
        "tickDirection": "ZeroMinusTick",
        "trdMatchID": "17cafad9-65b4-1f80-1135-ad77dc6c3bae",
        "grossValue": 280704,
        "homeNotional": 0.00280704,
        "foreignNotional": 16
    },
    {
        "timestamp": "2019-05-03T12:00:40.749Z",
        "symbol": "XBTUSD",
        "side": "Sell",
        "size": 985,
        "price": 5700,
        "tickDirection": "ZeroMinusTick",
        "trdMatchID": "533bb5e9-d659-850d-2ba7-63df1c183b57",
        "grossValue": 17280840,
        "homeNotional": 0.1728084,
        "foreignNotional": 985
    },
    {
        "timestamp": "2019-05-03T12:00:40.749Z",
        "symbol": "XBTUSD",
        "side": "Sell",
        "size": 10000,
        "price": 5700,
        "tickDirection": "ZeroMinusTick",
        "trdMatchID": "aa5e3675-bf17-5ba4-b0bf-71db850d0fee",
        "grossValue": 175440000,
        "homeNotional": 1.7544,
        "foreignNotional": 10000
    },
    {
        "timestamp": "2019-05-03T12:00:40.749Z",
        "symbol": "XBTUSD",
        "side": "Sell",
        "size": 1111,
        "price": 5700,
        "tickDirection": "ZeroMinusTick",
        "trdMatchID": "36ccf08f-9698-ba8f-f6ea-7ce4c8daefc7",
        "grossValue": 19491384,
        "homeNotional": 0.19491384,
        "foreignNotional": 1111
    },
    {
        "timestamp": "2019-05-03T12:00:40.749Z",
        "symbol": "XBTUSD",
        "side": "Sell",
        "size": 50,
        "price": 5700,
        "tickDirection": "ZeroMinusTick",
        "trdMatchID": "084feaf1-971e-c249-e5ee-09e9f64d4cce",
        "grossValue": 877200,
        "homeNotional": 0.008772,
        "foreignNotional": 50
    },
    {
        "timestamp": "2019-05-03T12:00:40.749Z",
        "symbol": "XBTUSD",
        "side": "Sell",
        "size": 1200,
        "price": 5700,
        "tickDirection": "ZeroMinusTick",
        "trdMatchID": "7de2a0e0-790a-ff95-059a-4d7470823258",
        "grossValue": 21052800,
        "homeNotional": 0.210528,
        "foreignNotional": 1200
    },
    {
        "timestamp": "2019-05-03T12:00:40.749Z",
        "symbol": "XBTUSD",
        "side": "Sell",
        "size": 100,
        "price": 5700,
        "tickDirection": "ZeroMinusTick",
        "trdMatchID": "4d8d1d8e-e359-a5cb-bf4f-d7a6603e0fd1",
        "grossValue": 1754400,
        "homeNotional": 0.017544,
        "foreignNotional": 100
    },
    {
        "timestamp": "2019-05-03T12:00:40.749Z",
        "symbol": "XBTUSD",
        "side": "Sell",
        "size": 43,
        "price": 5700,
        "tickDirection": "ZeroMinusTick",
        "trdMatchID": "e7d3448d-5173-d2a6-8369-d2db9cea3ca7",
        "grossValue": 754392,
        "homeNotional": 0.00754392,
        "foreignNotional": 43
    },
    {
        "timestamp": "2019-05-03T12:00:40.749Z",
        "symbol": "XBTUSD",
        "side": "Sell",
        "size": 15,
        "price": 5700,
        "tickDirection": "ZeroMinusTick",
        "trdMatchID": "ba159cd3-90e6-52e9-f772-004a83b69edd",
        "grossValue": 263160,
        "homeNotional": 0.0026316,
        "foreignNotional": 15
    },
    {
        "timestamp": "2019-05-03T12:00:40.749Z",
        "symbol": "XBTUSD",
        "side": "Sell",
        "size": 38,
        "price": 5700,
        "tickDirection": "ZeroMinusTick",
        "trdMatchID": "83fa8cef-104d-6f7d-ceb9-a8698a79aa1c",
        "grossValue": 666672,
        "homeNotional": 0.00666672,
        "foreignNotional": 38
    },
    {
        "timestamp": "2019-05-03T12:00:40.749Z",
        "symbol": "XBTUSD",
        "side": "Sell",
        "size": 800,
        "price": 5700,
        "tickDirection": "ZeroMinusTick",
        "trdMatchID": "28ea549d-e13d-9fd7-a01c-f638ffc28836",
        "grossValue": 14035200,
        "homeNotional": 0.140352,
        "foreignNotional": 800
    },
    {
        "timestamp": "2019-05-03T12:00:40.749Z",
        "symbol": "XBTUSD",
        "side": "Sell",
        "size": 100,
        "price": 5700,
        "tickDirection": "ZeroMinusTick",
        "trdMatchID": "8cb1eafd-4ef9-bce3-236d-57b769f126a3",
        "grossValue": 1754400,
        "homeNotional": 0.017544,
        "foreignNotional": 100
    },
    {
        "timestamp": "2019-05-03T12:00:40.749Z",
        "symbol": "XBTUSD",
        "side": "Sell",
        "size": 180,
        "price": 5700,
        "tickDirection": "ZeroMinusTick",
        "trdMatchID": "c94402b2-1eb7-da7e-4480-d40b8bdf8361",
        "grossValue": 3157920,
        "homeNotional": 0.0315792,
        "foreignNotional": 180
    },
    {
        "timestamp": "2019-05-03T12:00:40.749Z",
        "symbol": "XBTUSD",
        "side": "Sell",
        "size": 1000,
        "price": 5700,
        "tickDirection": "ZeroMinusTick",
        "trdMatchID": "aa0067b5-86ee-408e-0e2e-94bee379f2ba",
        "grossValue": 17544000,
        "homeNotional": 0.17544,
        "foreignNotional": 1000
    },
    {
        "timestamp": "2019-05-03T12:00:40.749Z",
        "symbol": "XBTUSD",
        "side": "Sell",
        "size": 800,
        "price": 5700,
        "tickDirection": "ZeroMinusTick",
        "trdMatchID": "9635c338-5ae4-7061-d706-f516e82b7471",
        "grossValue": 14035200,
        "homeNotional": 0.140352,
        "foreignNotional": 800
    },
    {
        "timestamp": "2019-05-03T12:00:40.749Z",
        "symbol": "XBTUSD",
        "side": "Sell",
        "size": 200,
        "price": 5700,
        "tickDirection": "ZeroMinusTick",
        "trdMatchID": "612a87d5-5fd0-5ec4-5323-01e32bf52e1a",
        "grossValue": 3508800,
        "homeNotional": 0.035088,
        "foreignNotional": 200
    },
    {
        "timestamp": "2019-05-03T12:00:40.749Z",
        "symbol": "XBTUSD",
        "side": "Sell",
        "size": 3333,
        "price": 5700,
        "tickDirection": "ZeroMinusTick",
        "trdMatchID": "2369ec1c-46b0-91ab-c056-c9fe6acc38f1",
        "grossValue": 58474152,
        "homeNotional": 0.58474152,
        "foreignNotional": 3333
    },
    {
        "timestamp": "2019-05-03T12:00:40.749Z",
        "symbol": "XBTUSD",
        "side": "Sell",
        "size": 40,
        "price": 5700,
        "tickDirection": "ZeroMinusTick",
        "trdMatchID": "f3f4b1ff-1436-abf7-87a1-5f550a73adff",
        "grossValue": 701760,
        "homeNotional": 0.0070176,
        "foreignNotional": 40
    },
    {
        "timestamp": "2019-05-03T12:00:40.749Z",
        "symbol": "XBTUSD",
        "side": "Sell",
        "size": 900,
        "price": 5700,
        "tickDirection": "ZeroMinusTick",
        "trdMatchID": "7ddb1d5e-a8e4-1f7a-c8a0-cebb4d2d612c",
        "grossValue": 15789600,
        "homeNotional": 0.157896,
        "foreignNotional": 900
    },
    {
        "timestamp": "2019-05-03T12:00:40.749Z",
        "symbol": "XBTUSD",
        "side": "Sell",
        "size": 1000,
        "price": 5700,
        "tickDirection": "ZeroMinusTick",
        "trdMatchID": "3962ba2d-4154-537a-4a35-d6f544fac679",
        "grossValue": 17544000,
        "homeNotional": 0.17544,
        "foreignNotional": 1000
    },
    {
        "timestamp": "2019-05-03T12:00:40.749Z",
        "symbol": "XBTUSD",
        "side": "Sell",
        "size": 10000,
        "price": 5700,
        "tickDirection": "ZeroMinusTick",
        "trdMatchID": "e2dbe3dc-5cc7-cc8d-24b1-4665016ab339",
        "grossValue": 175440000,
        "homeNotional": 1.7544,
        "foreignNotional": 10000
    },
    {
        "timestamp": "2019-05-03T12:00:40.749Z",
        "symbol": "XBTUSD",
        "side": "Sell",
        "size": 100,
        "price": 5700,
        "tickDirection": "ZeroMinusTick",
        "trdMatchID": "f7968c93-4dd4-f864-868f-f33c2fb8a0e8",
        "grossValue": 1754400,
        "homeNotional": 0.017544,
        "foreignNotional": 100
    },
    {
        "timestamp": "2019-05-03T12:00:40.749Z",
        "symbol": "XBTUSD",
        "side": "Sell",
        "size": 14,
        "price": 5700,
        "tickDirection": "ZeroMinusTick",
        "trdMatchID": "1b90018c-069d-a27f-74dd-6cc860174b3c",
        "grossValue": 245616,
        "homeNotional": 0.00245616,
        "foreignNotional": 14
    },
    {
        "timestamp": "2019-05-03T12:00:40.749Z",
        "symbol": "XBTUSD",
        "side": "Sell",
        "size": 49,
        "price": 5700,
        "tickDirection": "ZeroMinusTick",
        "trdMatchID": "d3cad25b-5b1a-25eb-2556-f875cd105d67",
        "grossValue": 859656,
        "homeNotional": 0.00859656,
        "foreignNotional": 49
    },
    {
        "timestamp": "2019-05-03T12:00:40.749Z",
        "symbol": "XBTUSD",
        "side": "Sell",
        "size": 226,
        "price": 5700,
        "tickDirection": "ZeroMinusTick",
        "trdMatchID": "b965b1f7-6d64-e761-004c-78a395db72c3",
        "grossValue": 3964944,
        "homeNotional": 0.03964944,
        "foreignNotional": 226
    },
    {
        "timestamp": "2019-05-03T12:00:40.749Z",
        "symbol": "XBTUSD",
        "side": "Sell",
        "size": 81,
        "price": 5700,
        "tickDirection": "ZeroMinusTick",
        "trdMatchID": "6f71f8a5-ff08-f800-d8a8-5843f8d5a41f",
        "grossValue": 1421064,
        "homeNotional": 0.01421064,
        "foreignNotional": 81
    },
    {
        "timestamp": "2019-05-03T12:00:40.749Z",
        "symbol": "XBTUSD",
        "side": "Sell",
        "size": 238,
        "price": 5700,
        "tickDirection": "ZeroMinusTick",
        "trdMatchID": "dfdb4160-74ea-821c-a338-9e075585e30f",
        "grossValue": 4175472,
        "homeNotional": 0.04175472,
        "foreignNotional": 238
    },
    {
        "timestamp": "2019-05-03T12:00:40.749Z",
        "symbol": "XBTUSD",
        "side": "Sell",
        "size": 384,
        "price": 5700,
        "tickDirection": "ZeroMinusTick",
        "trdMatchID": "1ef86738-fee1-351b-8557-8e18a2f59701",
        "grossValue": 6736896,
        "homeNotional": 0.06736896,
        "foreignNotional": 384
    },
    {
        "timestamp": "2019-05-03T12:00:40.749Z",
        "symbol": "XBTUSD",
        "side": "Sell",
        "size": 2000,
        "price": 5700,
        "tickDirection": "ZeroMinusTick",
        "trdMatchID": "a926c9a4-478e-56a7-ceea-3a5f73db2f0d",
        "grossValue": 35088000,
        "homeNotional": 0.35088,
        "foreignNotional": 2000
    },
    {
        "timestamp": "2019-05-03T12:00:40.749Z",
        "symbol": "XBTUSD",
        "side": "Sell",
        "size": 17,
        "price": 5700,
        "tickDirection": "ZeroMinusTick",
        "trdMatchID": "6d46ff0d-560c-0735-3872-c4b7e3044dbd",
        "grossValue": 298248,
        "homeNotional": 0.00298248,
        "foreignNotional": 17
    },
    {
        "timestamp": "2019-05-03T12:00:40.749Z",
        "symbol": "XBTUSD",
        "side": "Sell",
        "size": 170,
        "price": 5700,
        "tickDirection": "ZeroMinusTick",
        "trdMatchID": "4fb83e5c-0734-3720-cf5e-985afa4884ba",
        "grossValue": 2982480,
        "homeNotional": 0.0298248,
        "foreignNotional": 170
    },
    {
        "timestamp": "2019-05-03T12:00:40.749Z",
        "symbol": "XBTUSD",
        "side": "Sell",
        "size": 100,
        "price": 5700,
        "tickDirection": "ZeroMinusTick",
        "trdMatchID": "2a443ef3-2bdd-a40d-28f2-7b613ed92533",
        "grossValue": 1754400,
        "homeNotional": 0.017544,
        "foreignNotional": 100
    },
    {
        "timestamp": "2019-05-03T12:00:40.749Z",
        "symbol": "XBTUSD",
        "side": "Sell",
        "size": 8762,
        "price": 5700,
        "tickDirection": "ZeroMinusTick",
        "trdMatchID": "e2192a01-4b1e-1437-8c00-dcd7127c4d68",
        "grossValue": 153720528,
        "homeNotional": 1.53720528,
        "foreignNotional": 8762
    },
    {
        "timestamp": "2019-05-03T12:00:40.749Z",
        "symbol": "XBTUSD",
        "side": "Sell",
        "size": 1000,
        "price": 5700,
        "tickDirection": "ZeroMinusTick",
        "trdMatchID": "c6b15991-f3d3-57e8-c3de-ac8d26299c5e",
        "grossValue": 17544000,
        "homeNotional": 0.17544,
        "foreignNotional": 1000
    },
    {
        "timestamp": "2019-05-03T12:00:40.749Z",
        "symbol": "XBTUSD",
        "side": "Sell",
        "size": 17,
        "price": 5700,
        "tickDirection": "ZeroMinusTick",
        "trdMatchID": "0f7de7dd-fd39-1d29-696f-12aabd9693f8",
        "grossValue": 298248,
        "homeNotional": 0.00298248,
        "foreignNotional": 17
    },
    {
        "timestamp": "2019-05-03T12:00:40.749Z",
        "symbol": "XBTUSD",
        "side": "Sell",
        "size": 15,
        "price": 5700,
        "tickDirection": "ZeroMinusTick",
        "trdMatchID": "a9e73a04-36c4-03e8-8054-9ddbe49d45e6",
        "grossValue": 263160,
        "homeNotional": 0.0026316,
        "foreignNotional": 15
    },
    {
        "timestamp": "2019-05-03T12:00:40.749Z",
        "symbol": "XBTUSD",
        "side": "Sell",
        "size": 53000,
        "price": 5700,
        "tickDirection": "ZeroMinusTick",
        "trdMatchID": "75c62fbe-ed2d-2cf3-925e-54e83d86a013",
        "grossValue": 929832000,
        "homeNotional": 9.29832,
        "foreignNotional": 53000
    },
    {
        "timestamp": "2019-05-03T12:00:40.749Z",
        "symbol": "XBTUSD",
        "side": "Sell",
        "size": 333,
        "price": 5700,
        "tickDirection": "ZeroMinusTick",
        "trdMatchID": "09bbaf8f-ae0d-d969-bf0d-0ecb72897364",
        "grossValue": 5842152,
        "homeNotional": 0.05842152,
        "foreignNotional": 333
    },
    {
        "timestamp": "2019-05-03T12:00:40.749Z",
        "symbol": "XBTUSD",
        "side": "Sell",
        "size": 10000,
        "price": 5700,
        "tickDirection": "ZeroMinusTick",
        "trdMatchID": "6623b655-a019-50c0-b9cb-2911d9464d86",
        "grossValue": 175440000,
        "homeNotional": 1.7544,
        "foreignNotional": 10000
    },
    {
        "timestamp": "2019-05-03T12:00:40.749Z",
        "symbol": "XBTUSD",
        "side": "Sell",
        "size": 3000,
        "price": 5700,
        "tickDirection": "ZeroMinusTick",
        "trdMatchID": "c4b1436f-b538-3d9e-6367-c87583704b28",
        "grossValue": 52632000,
        "homeNotional": 0.52632,
        "foreignNotional": 3000
    },
    {
        "timestamp": "2019-05-03T12:00:40.749Z",
        "symbol": "XBTUSD",
        "side": "Sell",
        "size": 5000,
        "price": 5699.5,
        "tickDirection": "MinusTick",
        "trdMatchID": "551734f9-77a7-0e8d-98e5-51477e7dcb1f",
        "grossValue": 87725000,
        "homeNotional": 0.87725,
        "foreignNotional": 5000
    },
    {
        "timestamp": "2019-05-03T12:00:40.749Z",
        "symbol": "XBTUSD",
        "side": "Sell",
        "size": 580,
        "price": 5699.5,
        "tickDirection": "ZeroMinusTick",
        "trdMatchID": "6fea7e62-27bf-9d57-93a6-f4767074803b",
        "grossValue": 10176100,
        "homeNotional": 0.101761,
        "foreignNotional": 580
    },
    {
        "timestamp": "2019-05-03T12:00:40.749Z",
        "symbol": "XBTUSD",
        "side": "Sell",
        "size": 600,
        "price": 5699.5,
        "tickDirection": "ZeroMinusTick",
        "trdMatchID": "c0309aaa-fbdb-baba-d36d-86965b404b86",
        "grossValue": 10527000,
        "homeNotional": 0.10527,
        "foreignNotional": 600
    },
    {
        "timestamp": "2019-05-03T12:00:40.749Z",
        "symbol": "XBTUSD",
        "side": "Sell",
        "size": 100,
        "price": 5699.5,
        "tickDirection": "ZeroMinusTick",
        "trdMatchID": "9a1cac99-cd1d-4d13-eb65-45919f233070",
        "grossValue": 1754500,
        "homeNotional": 0.017545,
        "foreignNotional": 100
    },
    {
        "timestamp": "2019-05-03T12:00:40.749Z",
        "symbol": "XBTUSD",
        "side": "Sell",
        "size": 50,
        "price": 5699.5,
        "tickDirection": "ZeroMinusTick",
        "trdMatchID": "aeb7a255-2804-bb7e-f36e-015b141fe62a",
        "grossValue": 877250,
        "homeNotional": 0.0087725,
        "foreignNotional": 50
    },
    {
        "timestamp": "2019-05-03T12:00:40.749Z",
        "symbol": "XBTUSD",
        "side": "Sell",
        "size": 10000,
        "price": 5699.5,
        "tickDirection": "ZeroMinusTick",
        "trdMatchID": "b94cac2b-5998-bfc1-e206-f9ff781c6b7a",
        "grossValue": 175450000,
        "homeNotional": 1.7545,
        "foreignNotional": 10000
    },
    {
        "timestamp": "2019-05-03T12:00:40.749Z",
        "symbol": "XBTUSD",
        "side": "Sell",
        "size": 285,
        "price": 5699.5,
        "tickDirection": "ZeroMinusTick",
        "trdMatchID": "64b748f6-11af-96c8-ae8d-7330750a5200",
        "grossValue": 5000325,
        "homeNotional": 0.05000325,
        "foreignNotional": 285
    },
    {
        "timestamp": "2019-05-03T12:00:40.749Z",
        "symbol": "XBTUSD",
        "side": "Sell",
        "size": 30,
        "price": 5699.5,
        "tickDirection": "ZeroMinusTick",
        "trdMatchID": "7a69f75c-ff54-7d11-a866-b6b0d81b83e4",
        "grossValue": 526350,
        "homeNotional": 0.0052635,
        "foreignNotional": 30
    },
    {
        "timestamp": "2019-05-03T12:00:40.749Z",
        "symbol": "XBTUSD",
        "side": "Sell",
        "size": 100,
        "price": 5699.5,
        "tickDirection": "ZeroMinusTick",
        "trdMatchID": "b2df69cd-459b-f8d0-00a1-97a9a57ad0f4",
        "grossValue": 1754500,
        "homeNotional": 0.017545,
        "foreignNotional": 100
    },
    {
        "timestamp": "2019-05-03T12:00:40.749Z",
        "symbol": "XBTUSD",
        "side": "Sell",
        "size": 1,
        "price": 5699.5,
        "tickDirection": "ZeroMinusTick",
        "trdMatchID": "c89dfac8-2f20-a398-0614-3abcb7eee429",
        "grossValue": 17545,
        "homeNotional": 0.00017545,
        "foreignNotional": 1
    },
    {
        "timestamp": "2019-05-03T12:00:40.749Z",
        "symbol": "XBTUSD",
        "side": "Sell",
        "size": 100,
        "price": 5699.5,
        "tickDirection": "ZeroMinusTick",
        "trdMatchID": "afa8b2d8-40d2-a318-5462-1845ffebbee4",
        "grossValue": 1754500,
        "homeNotional": 0.017545,
        "foreignNotional": 100
    },
    {
        "timestamp": "2019-05-03T12:00:40.749Z",
        "symbol": "XBTUSD",
        "side": "Sell",
        "size": 3,
        "price": 5699.5,
        "tickDirection": "ZeroMinusTick",
        "trdMatchID": "b194e7d8-211e-c767-2799-fafa768e14cb",
        "grossValue": 52635,
        "homeNotional": 0.00052635,
        "foreignNotional": 3
    },
    {
        "timestamp": "2019-05-03T12:00:40.749Z",
        "symbol": "XBTUSD",
        "side": "Sell",
        "size": 310,
        "price": 5699.5,
        "tickDirection": "ZeroMinusTick",
        "trdMatchID": "f0f2c718-20b2-2e8c-b9ac-d86cbcc0ab73",
        "grossValue": 5438950,
        "homeNotional": 0.0543895,
        "foreignNotional": 310
    },
    {
        "timestamp": "2019-05-03T12:00:40.749Z",
        "symbol": "XBTUSD",
        "side": "Sell",
        "size": 120,
        "price": 5699.5,
        "tickDirection": "ZeroMinusTick",
        "trdMatchID": "30d289de-ef03-7097-6bce-789a84c4a530",
        "grossValue": 2105400,
        "homeNotional": 0.021054,
        "foreignNotional": 120
    },
    {
        "timestamp": "2019-05-03T12:00:40.749Z",
        "symbol": "XBTUSD",
        "side": "Sell",
        "size": 1200,
        "price": 5699.5,
        "tickDirection": "ZeroMinusTick",
        "trdMatchID": "f1b9d01a-4937-c11a-e26f-4998cfd10895",
        "grossValue": 21054000,
        "homeNotional": 0.21054,
        "foreignNotional": 1200
    },
    {
        "timestamp": "2019-05-03T12:00:40.749Z",
        "symbol": "XBTUSD",
        "side": "Sell",
        "size": 40,
        "price": 5699.5,
        "tickDirection": "ZeroMinusTick",
        "trdMatchID": "6a492ff6-c026-58bd-2ab0-f7b3c4931e2b",
        "grossValue": 701800,
        "homeNotional": 0.007018,
        "foreignNotional": 40
    },
    {
        "timestamp": "2019-05-03T12:00:40.749Z",
        "symbol": "XBTUSD",
        "side": "Sell",
        "size": 37,
        "price": 5699.5,
        "tickDirection": "ZeroMinusTick",
        "trdMatchID": "a2f5d3f4-3537-dd32-0702-c0b65a9b7111",
        "grossValue": 649165,
        "homeNotional": 0.00649165,
        "foreignNotional": 37
    },
    {
        "timestamp": "2019-05-03T12:00:40.749Z",
        "symbol": "XBTUSD",
        "side": "Sell",
        "size": 1359,
        "price": 5699.5,
        "tickDirection": "ZeroMinusTick",
        "trdMatchID": "ae28701e-0b75-c785-9ca0-cadfe5f850b5",
        "grossValue": 23843655,
        "homeNotional": 0.23843655,
        "foreignNotional": 1359
    },
    {
        "timestamp": "2019-05-03T12:00:40.749Z",
        "symbol": "XBTUSD",
        "side": "Sell",
        "size": 17,
        "price": 5699.5,
        "tickDirection": "ZeroMinusTick",
        "trdMatchID": "ac910ddc-1cd2-9cf7-c278-1dcb5502922a",
        "grossValue": 298265,
        "homeNotional": 0.00298265,
        "foreignNotional": 17
    },
    {
        "timestamp": "2019-05-03T12:00:40.749Z",
        "symbol": "XBTUSD",
        "side": "Sell",
        "size": 333,
        "price": 5699.5,
        "tickDirection": "ZeroMinusTick",
        "trdMatchID": "bb197608-142d-6af0-5195-3f40b1db7551",
        "grossValue": 5842485,
        "homeNotional": 0.05842485,
        "foreignNotional": 333
    },
    {
        "timestamp": "2019-05-03T12:00:40.749Z",
        "symbol": "XBTUSD",
        "side": "Sell",
        "size": 1000,
        "price": 5699,
        "tickDirection": "MinusTick",
        "trdMatchID": "52363b5d-f7a1-269b-1b36-2d37ec76fa48",
        "grossValue": 17547000,
        "homeNotional": 0.17547,
        "foreignNotional": 1000
    },
    {
        "timestamp": "2019-05-03T12:00:40.749Z",
        "symbol": "XBTUSD",
        "side": "Sell",
        "size": 24,
        "price": 5699,
        "tickDirection": "ZeroMinusTick",
        "trdMatchID": "9cc0aaad-69f9-e403-b6db-7b3a60b1a52e",
        "grossValue": 421128,
        "homeNotional": 0.00421128,
        "foreignNotional": 24
    },
    {
        "timestamp": "2019-05-03T12:00:40.749Z",
        "symbol": "XBTUSD",
        "side": "Sell",
        "size": 1500,
        "price": 5699,
        "tickDirection": "ZeroMinusTick",
        "trdMatchID": "58eaaa12-377c-0a62-8d1b-a1e02e4c56e9",
        "grossValue": 26320500,
        "homeNotional": 0.263205,
        "foreignNotional": 1500
    },
    {
        "timestamp": "2019-05-03T12:00:40.749Z",
        "symbol": "XBTUSD",
        "side": "Sell",
        "size": 1518,
        "price": 5699,
        "tickDirection": "ZeroMinusTick",
        "trdMatchID": "f169fc92-3c16-fc8c-d977-46e6ebcf3d22",
        "grossValue": 26636346,
        "homeNotional": 0.26636346,
        "foreignNotional": 1518
    },
    {
        "timestamp": "2019-05-03T12:00:40.749Z",
        "symbol": "XBTUSD",
        "side": "Sell",
        "size": 1508,
        "price": 5699,
        "tickDirection": "ZeroMinusTick",
        "trdMatchID": "5a5cebdc-3bb1-b3df-cd9d-09edbd8ee1c6",
        "grossValue": 26460876,
        "homeNotional": 0.26460876,
        "foreignNotional": 1508
    },
    {
        "timestamp": "2019-05-03T12:00:40.749Z",
        "symbol": "XBTUSD",
        "side": "Sell",
        "size": 51,
        "price": 5699,
        "tickDirection": "ZeroMinusTick",
        "trdMatchID": "6774ffa7-64b1-c7c7-38e7-633f38c24d20",
        "grossValue": 894897,
        "homeNotional": 0.00894897,
        "foreignNotional": 51
    },
    {
        "timestamp": "2019-05-03T12:00:40.749Z",
        "symbol": "XBTUSD",
        "side": "Sell",
        "size": 100,
        "price": 5699,
        "tickDirection": "ZeroMinusTick",
        "trdMatchID": "014157b3-a8cb-e790-5aa6-e9c30fd04ebc",
        "grossValue": 1754700,
        "homeNotional": 0.017547,
        "foreignNotional": 100
    },
    {
        "timestamp": "2019-05-03T12:00:40.749Z",
        "symbol": "XBTUSD",
        "side": "Sell",
        "size": 15,
        "price": 5699,
        "tickDirection": "ZeroMinusTick",
        "trdMatchID": "604c818a-2557-22c9-8a6e-13ed0f5f405e",
        "grossValue": 263205,
        "homeNotional": 0.00263205,
        "foreignNotional": 15
    },
    {
        "timestamp": "2019-05-03T12:00:40.749Z",
        "symbol": "XBTUSD",
        "side": "Sell",
        "size": 25000,
        "price": 5699,
        "tickDirection": "ZeroMinusTick",
        "trdMatchID": "0cedfc2d-db75-87d1-8bf7-4fface7d9890",
        "grossValue": 438675000,
        "homeNotional": 4.38675,
        "foreignNotional": 25000
    },
    {
        "timestamp": "2019-05-03T12:00:40.749Z",
        "symbol": "XBTUSD",
        "side": "Sell",
        "size": 500,
        "price": 5699,
        "tickDirection": "ZeroMinusTick",
        "trdMatchID": "5de88b5b-9d2d-940d-e26e-5805277fc1b8",
        "grossValue": 8773500,
        "homeNotional": 0.087735,
        "foreignNotional": 500
    },
    {
        "timestamp": "2019-05-03T12:00:40.749Z",
        "symbol": "XBTUSD",
        "side": "Sell",
        "size": 416,
        "price": 5699,
        "tickDirection": "ZeroMinusTick",
        "trdMatchID": "a4842c5a-2c6e-4424-2e9a-c252a2e00726",
        "grossValue": 7299552,
        "homeNotional": 0.07299552,
        "foreignNotional": 416
    },
    {
        "timestamp": "2019-05-03T12:00:40.749Z",
        "symbol": "XBTUSD",
        "side": "Sell",
        "size": 113,
        "price": 5699,
        "tickDirection": "ZeroMinusTick",
        "trdMatchID": "f8a88eb7-32db-b13e-085a-24aeb48e21d0",
        "grossValue": 1982811,
        "homeNotional": 0.01982811,
        "foreignNotional": 113
    },
    {
        "timestamp": "2019-05-03T12:00:40.749Z",
        "symbol": "XBTUSD",
        "side": "Sell",
        "size": 100,
        "price": 5699,
        "tickDirection": "ZeroMinusTick",
        "trdMatchID": "fae8c44f-5151-cc6c-4dcf-ab8c65ec821f",
        "grossValue": 1754700,
        "homeNotional": 0.017547,
        "foreignNotional": 100
    },
    {
        "timestamp": "2019-05-03T12:00:40.749Z",
        "symbol": "XBTUSD",
        "side": "Sell",
        "size": 2000,
        "price": 5699,
        "tickDirection": "ZeroMinusTick",
        "trdMatchID": "7fb6ac5b-9d02-526b-30f1-5858b77fa2f8",
        "grossValue": 35094000,
        "homeNotional": 0.35094,
        "foreignNotional": 2000
    },
    {
        "timestamp": "2019-05-03T12:00:40.749Z",
        "symbol": "XBTUSD",
        "side": "Sell",
        "size": 2000,
        "price": 5699,
        "tickDirection": "ZeroMinusTick",
        "trdMatchID": "6e35474c-74e9-60c5-ecba-671fde319640",
        "grossValue": 35094000,
        "homeNotional": 0.35094,
        "foreignNotional": 2000
    },
    {
        "timestamp": "2019-05-03T12:00:40.749Z",
        "symbol": "XBTUSD",
        "side": "Sell",
        "size": 1617,
        "price": 5699,
        "tickDirection": "ZeroMinusTick",
        "trdMatchID": "b77c3def-e210-7394-e134-1f1af310757a",
        "grossValue": 28373499,
        "homeNotional": 0.28373499,
        "foreignNotional": 1617
    },
    {
        "timestamp": "2019-05-03T12:00:40.749Z",
        "symbol": "XBTUSD",
        "side": "Sell",
        "size": 133,
        "price": 5699,
        "tickDirection": "ZeroMinusTick",
        "trdMatchID": "76ccb918-872d-f578-585c-6f7a01f8c2eb",
        "grossValue": 2333751,
        "homeNotional": 0.02333751,
        "foreignNotional": 133
    },
    {
        "timestamp": "2019-05-03T12:00:40.749Z",
        "symbol": "XBTUSD",
        "side": "Sell",
        "size": 133,
        "price": 5699,
        "tickDirection": "ZeroMinusTick",
        "trdMatchID": "acdfa217-dd31-7056-7f40-458162ef0f06",
        "grossValue": 2333751,
        "homeNotional": 0.02333751,
        "foreignNotional": 133
    },
    {
        "timestamp": "2019-05-03T12:00:40.749Z",
        "symbol": "XBTUSD",
        "side": "Sell",
        "size": 148,
        "price": 5699,
        "tickDirection": "ZeroMinusTick",
        "trdMatchID": "56ac1335-9fa0-3678-05db-16ccadfbd558",
        "grossValue": 2596956,
        "homeNotional": 0.02596956,
        "foreignNotional": 148
    },
    {
        "timestamp": "2019-05-03T12:00:40.749Z",
        "symbol": "XBTUSD",
        "side": "Sell",
        "size": 148,
        "price": 5699,
        "tickDirection": "ZeroMinusTick",
        "trdMatchID": "37307db2-5060-61b7-3e06-782bd401aabb",
        "grossValue": 2596956,
        "homeNotional": 0.02596956,
        "foreignNotional": 148
    },
    {
        "timestamp": "2019-05-03T12:00:40.749Z",
        "symbol": "XBTUSD",
        "side": "Sell",
        "size": 19000,
        "price": 5699,
        "tickDirection": "ZeroMinusTick",
        "trdMatchID": "f78b3fb1-b047-b38c-71ad-67c9002d9dda",
        "grossValue": 333393000,
        "homeNotional": 3.33393,
        "foreignNotional": 19000
    },
    {
        "timestamp": "2019-05-03T12:00:40.749Z",
        "symbol": "XBTUSD",
        "side": "Sell",
        "size": 3333,
        "price": 5699,
        "tickDirection": "ZeroMinusTick",
        "trdMatchID": "a33f016c-4c81-bb57-3a41-a068a3611d1b",
        "grossValue": 58484151,
        "homeNotional": 0.58484151,
        "foreignNotional": 3333
    },
    {
        "timestamp": "2019-05-03T12:00:40.749Z",
        "symbol": "XBTUSD",
        "side": "Sell",
        "size": 20000,
        "price": 5699,
        "tickDirection": "ZeroMinusTick",
        "trdMatchID": "da26eaa9-f1da-4560-fb5b-26ac929ce431",
        "grossValue": 350940000,
        "homeNotional": 3.5094,
        "foreignNotional": 20000
    },
    {
        "timestamp": "2019-05-03T12:00:40.749Z",
        "symbol": "XBTUSD",
        "side": "Sell",
        "size": 1,
        "price": 5699,
        "tickDirection": "ZeroMinusTick",
        "trdMatchID": "e3f2a017-f023-c5cc-b61d-20dabf16a2ea",
        "grossValue": 17547,
        "homeNotional": 0.00017547,
        "foreignNotional": 1
    },
    {
        "timestamp": "2019-05-03T12:00:40.749Z",
        "symbol": "XBTUSD",
        "side": "Sell",
        "size": 11009,
        "price": 5699,
        "tickDirection": "ZeroMinusTick",
        "trdMatchID": "d95d7dd7-0fb0-a036-7638-2fe13b1917eb",
        "grossValue": 193174923,
        "homeNotional": 1.93174923,
        "foreignNotional": 11009
    },
    {
        "timestamp": "2019-05-03T12:00:40.749Z",
        "symbol": "XBTUSD",
        "side": "Sell",
        "size": 100,
        "price": 5699,
        "tickDirection": "ZeroMinusTick",
        "trdMatchID": "f21375db-8e6e-9a57-da65-f6097d8e51a7",
        "grossValue": 1754700,
        "homeNotional": 0.017547,
        "foreignNotional": 100
    },
    {
        "timestamp": "2019-05-03T12:00:40.749Z",
        "symbol": "XBTUSD",
        "side": "Sell",
        "size": 500,
        "price": 5699,
        "tickDirection": "ZeroMinusTick",
        "trdMatchID": "09d1d735-f2ef-9163-0961-d884b70ac234",
        "grossValue": 8773500,
        "homeNotional": 0.087735,
        "foreignNotional": 500
    },
    {
        "timestamp": "2019-05-03T12:00:40.749Z",
        "symbol": "XBTUSD",
        "side": "Sell",
        "size": 10000,
        "price": 5699,
        "tickDirection": "ZeroMinusTick",
        "trdMatchID": "d77d820e-2120-1531-e032-ccf9d32e5b50",
        "grossValue": 175470000,
        "homeNotional": 1.7547,
        "foreignNotional": 10000
    },
    {
        "timestamp": "2019-05-03T12:00:40.749Z",
        "symbol": "XBTUSD",
        "side": "Sell",
        "size": 200,
        "price": 5699,
        "tickDirection": "ZeroMinusTick",
        "trdMatchID": "e9613cb2-ac5b-f007-a4c8-fba56da46d48",
        "grossValue": 3509400,
        "homeNotional": 0.035094,
        "foreignNotional": 200
    },
    {
        "timestamp": "2019-05-03T12:00:40.749Z",
        "symbol": "XBTUSD",
        "side": "Sell",
        "size": 7,
        "price": 5699,
        "tickDirection": "ZeroMinusTick",
        "trdMatchID": "2b675662-992c-21de-26e2-01e31f1cb628",
        "grossValue": 122829,
        "homeNotional": 0.00122829,
        "foreignNotional": 7
    },
    {
        "timestamp": "2019-05-03T12:00:40.749Z",
        "symbol": "XBTUSD",
        "side": "Sell",
        "size": 542,
        "price": 5699,
        "tickDirection": "ZeroMinusTick",
        "trdMatchID": "cd81b492-c9a5-cb82-76e8-042868166cf3",
        "grossValue": 9510474,
        "homeNotional": 0.09510474,
        "foreignNotional": 542
    },
    {
        "timestamp": "2019-05-03T12:00:40.749Z",
        "symbol": "XBTUSD",
        "side": "Sell",
        "size": 17,
        "price": 5699,
        "tickDirection": "ZeroMinusTick",
        "trdMatchID": "59b0dead-f777-5eb9-9f37-a249a3fc03bc",
        "grossValue": 298299,
        "homeNotional": 0.00298299,
        "foreignNotional": 17
    },
    {
        "timestamp": "2019-05-03T12:00:40.749Z",
        "symbol": "XBTUSD",
        "side": "Sell",
        "size": 2000,
        "price": 5698.5,
        "tickDirection": "MinusTick",
        "trdMatchID": "3694c4f6-435a-72e0-a5af-f5b95a1a1994",
        "grossValue": 35096000,
        "homeNotional": 0.35096,
        "foreignNotional": 2000
    },
    {
        "timestamp": "2019-05-03T12:00:40.749Z",
        "symbol": "XBTUSD",
        "side": "Sell",
        "size": 100,
        "price": 5698.5,
        "tickDirection": "ZeroMinusTick",
        "trdMatchID": "5e082737-9d58-8ae2-5ca1-b6a916ad707b",
        "grossValue": 1754800,
        "homeNotional": 0.017548,
        "foreignNotional": 100
    },
    {
        "timestamp": "2019-05-03T12:00:40.749Z",
        "symbol": "XBTUSD",
        "side": "Sell",
        "size": 2000,
        "price": 5698.5,
        "tickDirection": "ZeroMinusTick",
        "trdMatchID": "3147ac00-dad4-2e4c-ad33-3f1f86aed06b",
        "grossValue": 35096000,
        "homeNotional": 0.35096,
        "foreignNotional": 2000
    },
    {
        "timestamp": "2019-05-03T12:00:40.749Z",
        "symbol": "XBTUSD",
        "side": "Sell",
        "size": 30,
        "price": 5698.5,
        "tickDirection": "ZeroMinusTick",
        "trdMatchID": "113cf049-3f9b-4190-2fce-5ee45373eddb",
        "grossValue": 526440,
        "homeNotional": 0.0052644,
        "foreignNotional": 30
    },
    {
        "timestamp": "2019-05-03T12:00:40.749Z",
        "symbol": "XBTUSD",
        "side": "Sell",
        "size": 15,
        "price": 5698.5,
        "tickDirection": "ZeroMinusTick",
        "trdMatchID": "91f40705-fc32-ef7b-ec19-dd47c1af8e0f",
        "grossValue": 263220,
        "homeNotional": 0.0026322,
        "foreignNotional": 15
    },
    {
        "timestamp": "2019-05-03T12:00:40.749Z",
        "symbol": "XBTUSD",
        "side": "Sell",
        "size": 40382,
        "price": 5698.5,
        "tickDirection": "ZeroMinusTick",
        "trdMatchID": "6eb9c869-a536-ceeb-7e64-29d362ead530",
        "grossValue": 708623336,
        "homeNotional": 7.08623336,
        "foreignNotional": 40382
    },
    {
        "timestamp": "2019-05-03T12:00:40.749Z",
        "symbol": "XBTUSD",
        "side": "Sell",
        "size": 8,
        "price": 5698.5,
        "tickDirection": "ZeroMinusTick",
        "trdMatchID": "39267b4e-30c8-ff7b-7fb9-dc77abe82e2f",
        "grossValue": 140384,
        "homeNotional": 0.00140384,
        "foreignNotional": 8
    },
    {
        "timestamp": "2019-05-03T12:00:40.749Z",
        "symbol": "XBTUSD",
        "side": "Sell",
        "size": 300,
        "price": 5698.5,
        "tickDirection": "ZeroMinusTick",
        "trdMatchID": "62aa7b7d-874a-10c2-fc62-58df38eb9088",
        "grossValue": 5264400,
        "homeNotional": 0.052644,
        "foreignNotional": 300
    },
    {
        "timestamp": "2019-05-03T12:00:40.749Z",
        "symbol": "XBTUSD",
        "side": "Sell",
        "size": 70000,
        "price": 5698.5,
        "tickDirection": "ZeroMinusTick",
        "trdMatchID": "afec0d81-4a11-5e8b-22e4-5a525f9b88b5",
        "grossValue": 1228360000,
        "homeNotional": 12.2836,
        "foreignNotional": 70000
    },
    {
        "timestamp": "2019-05-03T12:00:40.749Z",
        "symbol": "XBTUSD",
        "side": "Sell",
        "size": 472,
        "price": 5698.5,
        "tickDirection": "ZeroMinusTick",
        "trdMatchID": "58c63c23-2c36-039a-3a2c-1bef01bdf398",
        "grossValue": 8282656,
        "homeNotional": 0.08282656,
        "foreignNotional": 472
    },
    {
        "timestamp": "2019-05-03T12:00:40.749Z",
        "symbol": "XBTUSD",
        "side": "Sell",
        "size": 1,
        "price": 5698.5,
        "tickDirection": "ZeroMinusTick",
        "trdMatchID": "75628cf2-79f6-b391-da36-3dfbd20335ae",
        "grossValue": 17548,
        "homeNotional": 0.00017548,
        "foreignNotional": 1
    },
    {
        "timestamp": "2019-05-03T12:00:40.749Z",
        "symbol": "XBTUSD",
        "side": "Sell",
        "size": 2,
        "price": 5698.5,
        "tickDirection": "ZeroMinusTick",
        "trdMatchID": "b1ac76d1-5c5e-abab-2ed4-4b0f4afc9ad6",
        "grossValue": 35096,
        "homeNotional": 0.00035096,
        "foreignNotional": 2
    },
    {
        "timestamp": "2019-05-03T12:00:40.749Z",
        "symbol": "XBTUSD",
        "side": "Sell",
        "size": 1,
        "price": 5698.5,
        "tickDirection": "ZeroMinusTick",
        "trdMatchID": "664dcaad-2b59-e860-b2b4-31a11d3cc3e3",
        "grossValue": 17548,
        "homeNotional": 0.00017548,
        "foreignNotional": 1
    },
    {
        "timestamp": "2019-05-03T12:00:40.749Z",
        "symbol": "XBTUSD",
        "side": "Sell",
        "size": 2000,
        "price": 5698.5,
        "tickDirection": "ZeroMinusTick",
        "trdMatchID": "b1e8e875-d22d-a35c-89fd-5ef165bdcf13",
        "grossValue": 35096000,
        "homeNotional": 0.35096,
        "foreignNotional": 2000
    },
    {
        "timestamp": "2019-05-03T12:00:40.749Z",
        "symbol": "XBTUSD",
        "side": "Sell",
        "size": 500,
        "price": 5698.5,
        "tickDirection": "ZeroMinusTick",
        "trdMatchID": "32130f18-a5df-5459-d506-06f1fd9dd96d",
        "grossValue": 8774000,
        "homeNotional": 0.08774,
        "foreignNotional": 500
    },
    {
        "timestamp": "2019-05-03T12:00:40.749Z",
        "symbol": "XBTUSD",
        "side": "Sell",
        "size": 375,
        "price": 5698.5,
        "tickDirection": "ZeroMinusTick",
        "trdMatchID": "f08ef7a5-6476-4640-827e-551a24351fc1",
        "grossValue": 6580500,
        "homeNotional": 0.065805,
        "foreignNotional": 375
    },
    {
        "timestamp": "2019-05-03T12:00:40.749Z",
        "symbol": "XBTUSD",
        "side": "Sell",
        "size": 10394,
        "price": 5698.5,
        "tickDirection": "ZeroMinusTick",
        "trdMatchID": "ff9591b4-48a8-690c-b26f-ed8cd8c13524",
        "grossValue": 182393912,
        "homeNotional": 1.82393912,
        "foreignNotional": 10394
    },
    {
        "timestamp": "2019-05-03T12:00:40.749Z",
        "symbol": "XBTUSD",
        "side": "Sell",
        "size": 13,
        "price": 5698.5,
        "tickDirection": "ZeroMinusTick",
        "trdMatchID": "2dc23cf9-4d31-080e-65ab-e0cd1a3bca78",
        "grossValue": 228124,
        "homeNotional": 0.00228124,
        "foreignNotional": 13
    },
    {
        "timestamp": "2019-05-03T12:00:40.749Z",
        "symbol": "XBTUSD",
        "side": "Sell",
        "size": 1617,
        "price": 5698.5,
        "tickDirection": "ZeroMinusTick",
        "trdMatchID": "33c3fc9e-2b02-7f39-0da5-c65ea822a55f",
        "grossValue": 28375116,
        "homeNotional": 0.28375116,
        "foreignNotional": 1617
    },
    {
        "timestamp": "2019-05-03T12:00:40.749Z",
        "symbol": "XBTUSD",
        "side": "Sell",
        "size": 1660,
        "price": 5698.5,
        "tickDirection": "ZeroMinusTick",
        "trdMatchID": "d5f12340-14da-4f34-abe0-950855339f72",
        "grossValue": 29129680,
        "homeNotional": 0.2912968,
        "foreignNotional": 1660
    },
    {
        "timestamp": "2019-05-03T12:00:41.024Z",
        "symbol": "XBTUSD",
        "side": "Buy",
        "size": 100,
        "price": 5700.5,
        "tickDirection": "PlusTick",
        "trdMatchID": "944a5637-5ee8-2449-db65-fb5e42f6354e",
        "grossValue": 1754200,
        "homeNotional": 0.017542,
        "foreignNotional": 100
    },
    {
        "timestamp": "2019-05-03T12:00:42.477Z",
        "symbol": "XBTUSD",
        "side": "Buy",
        "size": 5000,
        "price": 5700.5,
        "tickDirection": "ZeroPlusTick",
        "trdMatchID": "4b665e46-0a88-acca-385b-3d08ddf65923",
        "grossValue": 87710000,
        "homeNotional": 0.8771,
        "foreignNotional": 5000
    },
    {
        "timestamp": "2019-05-03T12:00:42.645Z",
        "symbol": "XBTUSD",
        "side": "Sell",
        "size": 5000,
        "price": 5700,
        "tickDirection": "MinusTick",
        "trdMatchID": "199700b2-0224-4167-20f6-124ee3b3a15f",
        "grossValue": 87720000,
        "homeNotional": 0.8772,
        "foreignNotional": 5000
    },
    {
        "timestamp": "2019-05-03T12:00:42.894Z",
        "symbol": "XBTUSD",
        "side": "Sell",
        "size": 4930,
        "price": 5700,
        "tickDirection": "ZeroMinusTick",
        "trdMatchID": "ad89bbfe-9468-a7ac-104c-3050b9411545",
        "grossValue": 86491920,
        "homeNotional": 0.8649192,
        "foreignNotional": 4930
    },
    {
        "timestamp": "2019-05-03T12:00:42.894Z",
        "symbol": "XBTUSD",
        "side": "Sell",
        "size": 1500,
        "price": 5700,
        "tickDirection": "ZeroMinusTick",
        "trdMatchID": "b434d952-4dc2-f931-89d4-ddbd2d16d54b",
        "grossValue": 26316000,
        "homeNotional": 0.26316,
        "foreignNotional": 1500
    },
    {
        "timestamp": "2019-05-03T12:00:42.894Z",
        "symbol": "XBTUSD",
        "side": "Sell",
        "size": 1000,
        "price": 5700,
        "tickDirection": "ZeroMinusTick",
        "trdMatchID": "70767755-17a9-9628-b741-bc35a1c101e1",
        "grossValue": 17544000,
        "homeNotional": 0.17544,
        "foreignNotional": 1000
    },
    {
        "timestamp": "2019-05-03T12:00:42.894Z",
        "symbol": "XBTUSD",
        "side": "Sell",
        "size": 150,
        "price": 5700,
        "tickDirection": "ZeroMinusTick",
        "trdMatchID": "5c9ab8f7-ee99-6499-c558-c1b5d7c5b072",
        "grossValue": 2631600,
        "homeNotional": 0.026316,
        "foreignNotional": 150
    },
    {
        "timestamp": "2019-05-03T12:00:42.894Z",
        "symbol": "XBTUSD",
        "side": "Sell",
        "size": 9973,
        "price": 5700,
        "tickDirection": "ZeroMinusTick",
        "trdMatchID": "91b5b770-a699-c16b-be99-be019329b7d3",
        "grossValue": 174966312,
        "homeNotional": 1.74966312,
        "foreignNotional": 9973
    },
    {
        "timestamp": "2019-05-03T12:00:42.894Z",
        "symbol": "XBTUSD",
        "side": "Sell",
        "size": 5700,
        "price": 5700,
        "tickDirection": "ZeroMinusTick",
        "trdMatchID": "2a5a0ac7-8bb4-87ba-3386-a6e186134e56",
        "grossValue": 100000800,
        "homeNotional": 1.000008,
        "foreignNotional": 5700
    },
    {
        "timestamp": "2019-05-03T12:00:42.894Z",
        "symbol": "XBTUSD",
        "side": "Sell",
        "size": 50,
        "price": 5700,
        "tickDirection": "ZeroMinusTick",
        "trdMatchID": "bce248c5-1c48-379b-066f-d808ae692778",
        "grossValue": 877200,
        "homeNotional": 0.008772,
        "foreignNotional": 50
    },
    {
        "timestamp": "2019-05-03T12:00:42.894Z",
        "symbol": "XBTUSD",
        "side": "Sell",
        "size": 1917,
        "price": 5700,
        "tickDirection": "ZeroMinusTick",
        "trdMatchID": "deb8fc3c-6696-2307-a616-c2bf2fa198ca",
        "grossValue": 33631848,
        "homeNotional": 0.33631848,
        "foreignNotional": 1917
    },
    {
        "timestamp": "2019-05-03T12:00:42.894Z",
        "symbol": "XBTUSD",
        "side": "Sell",
        "size": 1000,
        "price": 5700,
        "tickDirection": "ZeroMinusTick",
        "trdMatchID": "e83e8304-c544-04fc-d76c-2fa013e070b1",
        "grossValue": 17544000,
        "homeNotional": 0.17544,
        "foreignNotional": 1000
    },
    {
        "timestamp": "2019-05-03T12:00:42.894Z",
        "symbol": "XBTUSD",
        "side": "Sell",
        "size": 3000,
        "price": 5700,
        "tickDirection": "ZeroMinusTick",
        "trdMatchID": "d4554c21-cb07-44cc-0309-ac1a14a5c623",
        "grossValue": 52632000,
        "homeNotional": 0.52632,
        "foreignNotional": 3000
    },
    {
        "timestamp": "2019-05-03T12:00:42.894Z",
        "symbol": "XBTUSD",
        "side": "Sell",
        "size": 1000,
        "price": 5700,
        "tickDirection": "ZeroMinusTick",
        "trdMatchID": "b910421b-27fd-4062-c7ca-a05bb70d0ccc",
        "grossValue": 17544000,
        "homeNotional": 0.17544,
        "foreignNotional": 1000
    },
    {
        "timestamp": "2019-05-03T12:00:42.894Z",
        "symbol": "XBTUSD",
        "side": "Sell",
        "size": 6000,
        "price": 5700,
        "tickDirection": "ZeroMinusTick",
        "trdMatchID": "e28a9ba4-6436-ad26-657d-d08980dc219c",
        "grossValue": 105264000,
        "homeNotional": 1.05264,
        "foreignNotional": 6000
    },
    {
        "timestamp": "2019-05-03T12:00:42.894Z",
        "symbol": "XBTUSD",
        "side": "Sell",
        "size": 2746,
        "price": 5700,
        "tickDirection": "ZeroMinusTick",
        "trdMatchID": "700a46e7-901f-c893-de3f-7e9f0bb20b9e",
        "grossValue": 48175824,
        "homeNotional": 0.48175824,
        "foreignNotional": 2746
    },
    {
        "timestamp": "2019-05-03T12:00:42.894Z",
        "symbol": "XBTUSD",
        "side": "Sell",
        "size": 5492,
        "price": 5700,
        "tickDirection": "ZeroMinusTick",
        "trdMatchID": "fab67b5c-06bb-9a77-2148-55e2aec354e8",
        "grossValue": 96351648,
        "homeNotional": 0.96351648,
        "foreignNotional": 5492
    },
    {
        "timestamp": "2019-05-03T12:00:42.894Z",
        "symbol": "XBTUSD",
        "side": "Sell",
        "size": 30000,
        "price": 5700,
        "tickDirection": "ZeroMinusTick",
        "trdMatchID": "2fce200a-6e7e-2faa-01cf-fd420919c529",
        "grossValue": 526320000,
        "homeNotional": 5.2632,
        "foreignNotional": 30000
    },
    {
        "timestamp": "2019-05-03T12:00:42.894Z",
        "symbol": "XBTUSD",
        "side": "Sell",
        "size": 37,
        "price": 5699.5,
        "tickDirection": "MinusTick",
        "trdMatchID": "ab819717-504e-7fb4-9d7c-658592f43eec",
        "grossValue": 649165,
        "homeNotional": 0.00649165,
        "foreignNotional": 37
    },
    {
        "timestamp": "2019-05-03T12:00:42.894Z",
        "symbol": "XBTUSD",
        "side": "Sell",
        "size": 20,
        "price": 5699.5,
        "tickDirection": "ZeroMinusTick",
        "trdMatchID": "d97bad10-fc4c-39ac-c418-c9bc656a97df",
        "grossValue": 350900,
        "homeNotional": 0.003509,
        "foreignNotional": 20
    },
    {
        "timestamp": "2019-05-03T12:00:42.894Z",
        "symbol": "XBTUSD",
        "side": "Sell",
        "size": 17,
        "price": 5699.5,
        "tickDirection": "ZeroMinusTick",
        "trdMatchID": "5de46d0f-48e8-d621-3885-7a494c3120d6",
        "grossValue": 298265,
        "homeNotional": 0.00298265,
        "foreignNotional": 17
    },
    {
        "timestamp": "2019-05-03T12:00:42.894Z",
        "symbol": "XBTUSD",
        "side": "Sell",
        "size": 4618,
        "price": 5699.5,
        "tickDirection": "ZeroMinusTick",
        "trdMatchID": "575492fc-ba32-ab30-4acd-9db40e71d97f",
        "grossValue": 81022810,
        "homeNotional": 0.8102281,
        "foreignNotional": 4618
    },
    {
        "timestamp": "2019-05-03T12:00:42.894Z",
        "symbol": "XBTUSD",
        "side": "Sell",
        "size": 10984,
        "price": 5699.5,
        "tickDirection": "ZeroMinusTick",
        "trdMatchID": "c260e3e5-ad67-3942-a3ce-0fbb6941824e",
        "grossValue": 192714280,
        "homeNotional": 1.9271428,
        "foreignNotional": 10984
    },
    {
        "timestamp": "2019-05-03T12:00:42.894Z",
        "symbol": "XBTUSD",
        "side": "Sell",
        "size": 27,
        "price": 5699.5,
        "tickDirection": "ZeroMinusTick",
        "trdMatchID": "915fd7bc-4795-7890-6f2a-be2bb0c56d22",
        "grossValue": 473715,
        "homeNotional": 0.00473715,
        "foreignNotional": 27
    },
    {
        "timestamp": "2019-05-03T12:00:42.894Z",
        "symbol": "XBTUSD",
        "side": "Sell",
        "size": 21,
        "price": 5699,
        "tickDirection": "MinusTick",
        "trdMatchID": "a7f26287-7bb4-9dba-154b-c326226640ff",
        "grossValue": 368487,
        "homeNotional": 0.00368487,
        "foreignNotional": 21
    },
    {
        "timestamp": "2019-05-03T12:00:42.894Z",
        "symbol": "XBTUSD",
        "side": "Sell",
        "size": 17,
        "price": 5699,
        "tickDirection": "ZeroMinusTick",
        "trdMatchID": "3f4b1dc7-bdd9-e18a-bacd-9bf6ed61eaa3",
        "grossValue": 298299,
        "homeNotional": 0.00298299,
        "foreignNotional": 17
    },
    {
        "timestamp": "2019-05-03T12:00:42.894Z",
        "symbol": "XBTUSD",
        "side": "Sell",
        "size": 54,
        "price": 5699,
        "tickDirection": "ZeroMinusTick",
        "trdMatchID": "91a01666-35ee-7d9b-a91a-db4f3dcc8948",
        "grossValue": 947538,
        "homeNotional": 0.00947538,
        "foreignNotional": 54
    },
    {
        "timestamp": "2019-05-03T12:00:42.894Z",
        "symbol": "XBTUSD",
        "side": "Sell",
        "size": 1673,
        "price": 5698.5,
        "tickDirection": "MinusTick",
        "trdMatchID": "62883dfd-b8a2-ef56-f54e-e1a641d75333",
        "grossValue": 29357804,
        "homeNotional": 0.29357804,
        "foreignNotional": 1673
    },
    {
        "timestamp": "2019-05-03T12:00:42.894Z",
        "symbol": "XBTUSD",
        "side": "Sell",
        "size": 20,
        "price": 5698.5,
        "tickDirection": "ZeroMinusTick",
        "trdMatchID": "ff1f2e1b-cff4-d222-7923-77770d6f7303",
        "grossValue": 350960,
        "homeNotional": 0.0035096,
        "foreignNotional": 20
    },
    {
        "timestamp": "2019-05-03T12:00:42.894Z",
        "symbol": "XBTUSD",
        "side": "Sell",
        "size": 100,
        "price": 5698.5,
        "tickDirection": "ZeroMinusTick",
        "trdMatchID": "ce4b8f5d-e022-99d1-d23a-873c34d79b39",
        "grossValue": 1754800,
        "homeNotional": 0.017548,
        "foreignNotional": 100
    },
    {
        "timestamp": "2019-05-03T12:00:42.894Z",
        "symbol": "XBTUSD",
        "side": "Sell",
        "size": 100,
        "price": 5698.5,
        "tickDirection": "ZeroMinusTick",
        "trdMatchID": "6788b8f2-4b05-f62d-e74e-d1c2a4d3a691",
        "grossValue": 1754800,
        "homeNotional": 0.017548,
        "foreignNotional": 100
    },
    {
        "timestamp": "2019-05-03T12:00:42.894Z",
        "symbol": "XBTUSD",
        "side": "Sell",
        "size": 17,
        "price": 5698.5,
        "tickDirection": "ZeroMinusTick",
        "trdMatchID": "eb10fb8a-91c5-1c83-f567-e2d4d3b0a7ba",
        "grossValue": 298316,
        "homeNotional": 0.00298316,
        "foreignNotional": 17
    },
    {
        "timestamp": "2019-05-03T12:00:42.894Z",
        "symbol": "XBTUSD",
        "side": "Sell",
        "size": 22,
        "price": 5698.5,
        "tickDirection": "ZeroMinusTick",
        "trdMatchID": "7d1095f6-a185-675c-d7cc-5861e3f138a1",
        "grossValue": 386056,
        "homeNotional": 0.00386056,
        "foreignNotional": 22
    },
    {
        "timestamp": "2019-05-03T12:00:42.894Z",
        "symbol": "XBTUSD",
        "side": "Sell",
        "size": 17,
        "price": 5698.5,
        "tickDirection": "ZeroMinusTick",
        "trdMatchID": "32e1e1d6-0f4e-3a0d-8abc-018690bcdf8d",
        "grossValue": 298316,
        "homeNotional": 0.00298316,
        "foreignNotional": 17
    },
    {
        "timestamp": "2019-05-03T12:00:42.894Z",
        "symbol": "XBTUSD",
        "side": "Sell",
        "size": 81,
        "price": 5698.5,
        "tickDirection": "ZeroMinusTick",
        "trdMatchID": "c8800eec-4a22-c501-7f16-f60e1bcbe683",
        "grossValue": 1421388,
        "homeNotional": 0.01421388,
        "foreignNotional": 81
    },
    {
        "timestamp": "2019-05-03T12:00:42.894Z",
        "symbol": "XBTUSD",
        "side": "Sell",
        "size": 50,
        "price": 5698,
        "tickDirection": "MinusTick",
        "trdMatchID": "9de0c681-d856-9de4-3171-995d2addb7f4",
        "grossValue": 877500,
        "homeNotional": 0.008775,
        "foreignNotional": 50
    },
    {
        "timestamp": "2019-05-03T12:00:42.894Z",
        "symbol": "XBTUSD",
        "side": "Sell",
        "size": 2000,
        "price": 5698,
        "tickDirection": "ZeroMinusTick",
        "trdMatchID": "36b8db83-9e91-dece-f8e7-6f037e75394d",
        "grossValue": 35100000,
        "homeNotional": 0.351,
        "foreignNotional": 2000
    },
    {
        "timestamp": "2019-05-03T12:00:42.894Z",
        "symbol": "XBTUSD",
        "side": "Sell",
        "size": 50,
        "price": 5698,
        "tickDirection": "ZeroMinusTick",
        "trdMatchID": "166b51be-259b-c8ca-f9b6-63176c6effb9",
        "grossValue": 877500,
        "homeNotional": 0.008775,
        "foreignNotional": 50
    },
    {
        "timestamp": "2019-05-03T12:00:42.894Z",
        "symbol": "XBTUSD",
        "side": "Sell",
        "size": 5617,
        "price": 5698,
        "tickDirection": "ZeroMinusTick",
        "trdMatchID": "013cc8c6-a424-f370-bb5b-cd7380d6cc0e",
        "grossValue": 98578350,
        "homeNotional": 0.9857835,
        "foreignNotional": 5617
    },
    {
        "timestamp": "2019-05-03T12:00:42.943Z",
        "symbol": "XBTUSD",
        "side": "Sell",
        "size": 5,
        "price": 5700,
        "tickDirection": "PlusTick",
        "trdMatchID": "23bf6229-3a72-ac63-9fc2-e4b80f6bbd4d",
        "grossValue": 87720,
        "homeNotional": 0.0008772,
        "foreignNotional": 5
    },
    {
        "timestamp": "2019-05-03T12:00:43.127Z",
        "symbol": "XBTUSD",
        "side": "Sell",
        "size": 3,
        "price": 5700,
        "tickDirection": "ZeroPlusTick",
        "trdMatchID": "b7cf8ccf-a60a-b7fd-edf0-2275fc1a11ba",
        "grossValue": 52632,
        "homeNotional": 0.00052632,
        "foreignNotional": 3
    },
    {
        "timestamp": "2019-05-03T12:00:43.127Z",
        "symbol": "XBTUSD",
        "side": "Sell",
        "size": 26997,
        "price": 5700,
        "tickDirection": "ZeroPlusTick",
        "trdMatchID": "ec980c23-2959-e288-d03c-77587df90686",
        "grossValue": 473635368,
        "homeNotional": 4.73635368,
        "foreignNotional": 26997
    },
    {
        "timestamp": "2019-05-03T12:00:43.199Z",
        "symbol": "XBTUSD",
        "side": "Sell",
        "size": 11000,
        "price": 5700,
        "tickDirection": "ZeroPlusTick",
        "trdMatchID": "c6da31d8-b79d-08bc-468f-3c193115ae83",
        "grossValue": 192984000,
        "homeNotional": 1.92984,
        "foreignNotional": 11000
    },
    {
        "timestamp": "2019-05-03T12:00:43.296Z",
        "symbol": "XBTUSD",
        "side": "Sell",
        "size": 2000,
        "price": 5700,
        "tickDirection": "ZeroPlusTick",
        "trdMatchID": "f3921ec5-5572-ba2b-ec20-7cfe27f18639",
        "grossValue": 35088000,
        "homeNotional": 0.35088,
        "foreignNotional": 2000
    },
    {
        "timestamp": "2019-05-03T12:00:44.189Z",
        "symbol": "XBTUSD",
        "side": "Buy",
        "size": 19,
        "price": 5700.5,
        "tickDirection": "PlusTick",
        "trdMatchID": "e8e72be3-d5f5-5b7c-4150-78b1d51d5e90",
        "grossValue": 333298,
        "homeNotional": 0.00333298,
        "foreignNotional": 19
    },
    {
        "timestamp": "2019-05-03T12:00:44.223Z",
        "symbol": "XBTUSD",
        "side": "Sell",
        "size": 1000,
        "price": 5700,
        "tickDirection": "MinusTick",
        "trdMatchID": "19e585f4-d085-c46d-ecef-53cf80a6f6f6",
        "grossValue": 17544000,
        "homeNotional": 0.17544,
        "foreignNotional": 1000
    },
    {
        "timestamp": "2019-05-03T12:00:44.360Z",
        "symbol": "XBTUSD",
        "side": "Sell",
        "size": 300,
        "price": 5700,
        "tickDirection": "ZeroMinusTick",
        "trdMatchID": "9e9bf1b0-10d7-c4a0-bdbf-349421d40464",
        "grossValue": 5263200,
        "homeNotional": 0.052632,
        "foreignNotional": 300
    },
    {
        "timestamp": "2019-05-03T12:00:44.592Z",
        "symbol": "XBTUSD",
        "side": "Buy",
        "size": 100,
        "price": 5700.5,
        "tickDirection": "PlusTick",
        "trdMatchID": "d6755bd7-1789-7187-8d41-d496b72f5b69",
        "grossValue": 1754200,
        "homeNotional": 0.017542,
        "foreignNotional": 100
    },
    {
        "timestamp": "2019-05-03T12:00:44.603Z",
        "symbol": "XBTUSD",
        "side": "Sell",
        "size": 400,
        "price": 5700,
        "tickDirection": "MinusTick",
        "trdMatchID": "7e70468e-20c7-1fd1-e518-f885419cafe8",
        "grossValue": 7017600,
        "homeNotional": 0.070176,
        "foreignNotional": 400
    },
    {
        "timestamp": "2019-05-03T12:00:44.740Z",
        "symbol": "XBTUSD",
        "side": "Buy",
        "size": 6,
        "price": 5700.5,
        "tickDirection": "PlusTick",
        "trdMatchID": "8cdc43ad-4437-49ff-d319-ad261ed3f7bc",
        "grossValue": 105252,
        "homeNotional": 0.00105252,
        "foreignNotional": 6
    },
    {
        "timestamp": "2019-05-03T12:00:44.934Z",
        "symbol": "XBTUSD",
        "side": "Sell",
        "size": 400,
        "price": 5700,
        "tickDirection": "MinusTick",
        "trdMatchID": "d32555fd-be8d-37da-c349-76ffde857ea2",
        "grossValue": 7017600,
        "homeNotional": 0.070176,
        "foreignNotional": 400
    },
    {
        "timestamp": "2019-05-03T12:00:49.298Z",
        "symbol": "XBTUSD",
        "side": "Sell",
        "size": 8000,
        "price": 5700,
        "tickDirection": "ZeroMinusTick",
        "trdMatchID": "9e6b2910-1c0b-b5e9-4f3e-5ab4bd15bf1c",
        "grossValue": 140352000,
        "homeNotional": 1.40352,
        "foreignNotional": 8000
    },
    {
        "timestamp": "2019-05-03T12:00:49.952Z",
        "symbol": "XBTUSD",
        "side": "Sell",
        "size": 1000,
        "price": 5700,
        "tickDirection": "ZeroMinusTick",
        "trdMatchID": "925293b9-4dde-4122-bd9c-58051ee66bc4",
        "grossValue": 17544000,
        "homeNotional": 0.17544,
        "foreignNotional": 1000
    },
    {
        "timestamp": "2019-05-03T12:00:50.044Z",
        "symbol": "XBTUSD",
        "side": "Sell",
        "size": 5000,
        "price": 5700,
        "tickDirection": "ZeroMinusTick",
        "trdMatchID": "e1adb43d-bafb-3fd1-e1b5-a56573a1b6f6",
        "grossValue": 87720000,
        "homeNotional": 0.8772,
        "foreignNotional": 5000
    },
    {
        "timestamp": "2019-05-03T12:00:50.194Z",
        "symbol": "XBTUSD",
        "side": "Buy",
        "size": 100,
        "price": 5700.5,
        "tickDirection": "PlusTick",
        "trdMatchID": "37ab133b-619c-2267-5693-458ed3b97a64",
        "grossValue": 1754200,
        "homeNotional": 0.017542,
        "foreignNotional": 100
    },
    {
        "timestamp": "2019-05-03T12:00:50.271Z",
        "symbol": "XBTUSD",
        "side": "Sell",
        "size": 24,
        "price": 5700,
        "tickDirection": "MinusTick",
        "trdMatchID": "197a54fb-a01b-30a8-8983-768966984620",
        "grossValue": 421056,
        "homeNotional": 0.00421056,
        "foreignNotional": 24
    },
    {
        "timestamp": "2019-05-03T12:00:50.271Z",
        "symbol": "XBTUSD",
        "side": "Sell",
        "size": 150,
        "price": 5700,
        "tickDirection": "ZeroMinusTick",
        "trdMatchID": "00a841ea-dba9-ddb6-9424-c9d4e71498bd",
        "grossValue": 2631600,
        "homeNotional": 0.026316,
        "foreignNotional": 150
    },
    {
        "timestamp": "2019-05-03T12:00:50.271Z",
        "symbol": "XBTUSD",
        "side": "Sell",
        "size": 50,
        "price": 5700,
        "tickDirection": "ZeroMinusTick",
        "trdMatchID": "3cbc60bb-7d40-5345-c388-be88a620091d",
        "grossValue": 877200,
        "homeNotional": 0.008772,
        "foreignNotional": 50
    },
    {
        "timestamp": "2019-05-03T12:00:50.271Z",
        "symbol": "XBTUSD",
        "side": "Sell",
        "size": 26,
        "price": 5700,
        "tickDirection": "ZeroMinusTick",
        "trdMatchID": "70bdd445-f7db-55f4-377b-402e9ac71482",
        "grossValue": 456144,
        "homeNotional": 0.00456144,
        "foreignNotional": 26
    },
    {
        "timestamp": "2019-05-03T12:00:50.271Z",
        "symbol": "XBTUSD",
        "side": "Sell",
        "size": 750,
        "price": 5700,
        "tickDirection": "ZeroMinusTick",
        "trdMatchID": "f79d4bb4-021e-236c-0318-0f702e5b27a3",
        "grossValue": 13158000,
        "homeNotional": 0.13158,
        "foreignNotional": 750
    },
    {
        "timestamp": "2019-05-03T12:00:50.296Z",
        "symbol": "XBTUSD",
        "side": "Sell",
        "size": 250,
        "price": 5700,
        "tickDirection": "ZeroMinusTick",
        "trdMatchID": "6ece7d76-85cd-475e-42d0-f6dd1259149f",
        "grossValue": 4386000,
        "homeNotional": 0.04386,
        "foreignNotional": 250
    },
    {
        "timestamp": "2019-05-03T12:00:50.296Z",
        "symbol": "XBTUSD",
        "side": "Sell",
        "size": 5000,
        "price": 5700,
        "tickDirection": "ZeroMinusTick",
        "trdMatchID": "d3fa69fc-662c-cdf0-c408-77a27261a51a",
        "grossValue": 87720000,
        "homeNotional": 0.8772,
        "foreignNotional": 5000
    },
    {
        "timestamp": "2019-05-03T12:00:50.296Z",
        "symbol": "XBTUSD",
        "side": "Sell",
        "size": 100,
        "price": 5700,
        "tickDirection": "ZeroMinusTick",
        "trdMatchID": "08a25319-43ed-1322-70a3-14b82af46cd3",
        "grossValue": 1754400,
        "homeNotional": 0.017544,
        "foreignNotional": 100
    },
    {
        "timestamp": "2019-05-03T12:00:50.296Z",
        "symbol": "XBTUSD",
        "side": "Sell",
        "size": 500,
        "price": 5700,
        "tickDirection": "ZeroMinusTick",
        "trdMatchID": "03f622df-fff5-351c-41dd-9cdfe02de586",
        "grossValue": 8772000,
        "homeNotional": 0.08772,
        "foreignNotional": 500
    },
    {
        "timestamp": "2019-05-03T12:00:50.296Z",
        "symbol": "XBTUSD",
        "side": "Sell",
        "size": 4140,
        "price": 5700,
        "tickDirection": "ZeroMinusTick",
        "trdMatchID": "c5d210a2-29c8-a8c4-b3fc-5384e920fa64",
        "grossValue": 72632160,
        "homeNotional": 0.7263216,
        "foreignNotional": 4140
    },
    {
        "timestamp": "2019-05-03T12:00:50.296Z",
        "symbol": "XBTUSD",
        "side": "Sell",
        "size": 9,
        "price": 5700,
        "tickDirection": "ZeroMinusTick",
        "trdMatchID": "38442f55-8aaa-3d99-dc19-125a976bd367",
        "grossValue": 157896,
        "homeNotional": 0.00157896,
        "foreignNotional": 9
    },
    {
        "timestamp": "2019-05-03T12:00:50.296Z",
        "symbol": "XBTUSD",
        "side": "Sell",
        "size": 1,
        "price": 5700,
        "tickDirection": "ZeroMinusTick",
        "trdMatchID": "4af05a78-ac70-7b37-bf7f-5735a244fbef",
        "grossValue": 17544,
        "homeNotional": 0.00017544,
        "foreignNotional": 1
    },
    {
        "timestamp": "2019-05-03T12:00:50.384Z",
        "symbol": "XBTUSD",
        "side": "Sell",
        "size": 1000,
        "price": 5700,
        "tickDirection": "ZeroMinusTick",
        "trdMatchID": "7afb89d3-8e22-ff2e-72e5-eb2d1de9e61f",
        "grossValue": 17544000,
        "homeNotional": 0.17544,
        "foreignNotional": 1000
    },
    {
        "timestamp": "2019-05-03T12:00:50.683Z",
        "symbol": "XBTUSD",
        "side": "Buy",
        "size": 15,
        "price": 5700.5,
        "tickDirection": "PlusTick",
        "trdMatchID": "490c31ad-5a12-43de-805b-2d3b0a9dd612",
        "grossValue": 263130,
        "homeNotional": 0.0026313,
        "foreignNotional": 15
    },
    {
        "timestamp": "2019-05-03T12:00:50.795Z",
        "symbol": "XBTUSD",
        "side": "Sell",
        "size": 10009,
        "price": 5700,
        "tickDirection": "MinusTick",
        "trdMatchID": "8f7cc3cd-1139-bc5f-869d-2e788ceddf60",
        "grossValue": 175597896,
        "homeNotional": 1.75597896,
        "foreignNotional": 10009
    },
    {
        "timestamp": "2019-05-03T12:00:50.795Z",
        "symbol": "XBTUSD",
        "side": "Sell",
        "size": 83,
        "price": 5700,
        "tickDirection": "ZeroMinusTick",
        "trdMatchID": "03af426f-2ec4-b7f8-7112-d13132df068b",
        "grossValue": 1456152,
        "homeNotional": 0.01456152,
        "foreignNotional": 83
    },
    {
        "timestamp": "2019-05-03T12:00:50.795Z",
        "symbol": "XBTUSD",
        "side": "Sell",
        "size": 1111,
        "price": 5700,
        "tickDirection": "ZeroMinusTick",
        "trdMatchID": "b0709081-4d94-7c72-0385-f2fdab8bd688",
        "grossValue": 19491384,
        "homeNotional": 0.19491384,
        "foreignNotional": 1111
    },
    {
        "timestamp": "2019-05-03T12:00:50.795Z",
        "symbol": "XBTUSD",
        "side": "Sell",
        "size": 5700,
        "price": 5700,
        "tickDirection": "ZeroMinusTick",
        "trdMatchID": "f88b060f-dcb3-a7d6-3183-f802b696ce30",
        "grossValue": 100000800,
        "homeNotional": 1.000008,
        "foreignNotional": 5700
    },
    {
        "timestamp": "2019-05-03T12:00:50.795Z",
        "symbol": "XBTUSD",
        "side": "Sell",
        "size": 32,
        "price": 5700,
        "tickDirection": "ZeroMinusTick",
        "trdMatchID": "e8002be6-e5e1-2ab3-cf35-109ebba8a139",
        "grossValue": 561408,
        "homeNotional": 0.00561408,
        "foreignNotional": 32
    },
    {
        "timestamp": "2019-05-03T12:00:50.795Z",
        "symbol": "XBTUSD",
        "side": "Sell",
        "size": 1000,
        "price": 5700,
        "tickDirection": "ZeroMinusTick",
        "trdMatchID": "37eb338c-87b9-6d51-ca24-cb0415ee3255",
        "grossValue": 17544000,
        "homeNotional": 0.17544,
        "foreignNotional": 1000
    },
    {
        "timestamp": "2019-05-03T12:00:50.795Z",
        "symbol": "XBTUSD",
        "side": "Sell",
        "size": 30000,
        "price": 5700,
        "tickDirection": "ZeroMinusTick",
        "trdMatchID": "aa2e3614-8452-35da-11ee-235bf921728c",
        "grossValue": 526320000,
        "homeNotional": 5.2632,
        "foreignNotional": 30000
    },
    {
        "timestamp": "2019-05-03T12:00:50.795Z",
        "symbol": "XBTUSD",
        "side": "Sell",
        "size": 2065,
        "price": 5700,
        "tickDirection": "ZeroMinusTick",
        "trdMatchID": "33f52bee-449b-dc2e-9860-967e25eaf565",
        "grossValue": 36228360,
        "homeNotional": 0.3622836,
        "foreignNotional": 2065
    },
    {
        "timestamp": "2019-05-03T12:00:51.016Z",
        "symbol": "XBTUSD",
        "side": "Sell",
        "size": 250,
        "price": 5700,
        "tickDirection": "ZeroMinusTick",
        "trdMatchID": "225d3a36-7e90-0e35-f4b4-55c1ef6bca39",
        "grossValue": 4386000,
        "homeNotional": 0.04386,
        "foreignNotional": 250
    },
    {
        "timestamp": "2019-05-03T12:00:51.679Z",
        "symbol": "XBTUSD",
        "side": "Sell",
        "size": 7685,
        "price": 5700,
        "tickDirection": "ZeroMinusTick",
        "trdMatchID": "d69265b1-8589-4e0c-e47f-1050057581dd",
        "grossValue": 134825640,
        "homeNotional": 1.3482564,
        "foreignNotional": 7685
    },
    {
        "timestamp": "2019-05-03T12:00:51.679Z",
        "symbol": "XBTUSD",
        "side": "Sell",
        "size": 1500,
        "price": 5700,
        "tickDirection": "ZeroMinusTick",
        "trdMatchID": "b0121297-2417-5593-6218-1593fb70b976",
        "grossValue": 26316000,
        "homeNotional": 0.26316,
        "foreignNotional": 1500
    },
    {
        "timestamp": "2019-05-03T12:00:51.679Z",
        "symbol": "XBTUSD",
        "side": "Sell",
        "size": 1,
        "price": 5700,
        "tickDirection": "ZeroMinusTick",
        "trdMatchID": "22f7d914-a7a5-fadf-10b2-4c897f32848e",
        "grossValue": 17544,
        "homeNotional": 0.00017544,
        "foreignNotional": 1
    },
    {
        "timestamp": "2019-05-03T12:00:51.679Z",
        "symbol": "XBTUSD",
        "side": "Sell",
        "size": 36,
        "price": 5700,
        "tickDirection": "ZeroMinusTick",
        "trdMatchID": "98b29701-5e6d-54e7-6d12-59221aaeffa8",
        "grossValue": 631584,
        "homeNotional": 0.00631584,
        "foreignNotional": 36
    },
    {
        "timestamp": "2019-05-03T12:00:51.679Z",
        "symbol": "XBTUSD",
        "side": "Sell",
        "size": 5000,
        "price": 5700,
        "tickDirection": "ZeroMinusTick",
        "trdMatchID": "2f89f7d3-81e8-a33f-fd13-6d41ecac9b49",
        "grossValue": 87720000,
        "homeNotional": 0.8772,
        "foreignNotional": 5000
    },
    {
        "timestamp": "2019-05-03T12:00:51.679Z",
        "symbol": "XBTUSD",
        "side": "Sell",
        "size": 24,
        "price": 5699.5,
        "tickDirection": "MinusTick",
        "trdMatchID": "3d977b85-8e20-f818-ea29-0409111eba00",
        "grossValue": 421080,
        "homeNotional": 0.0042108,
        "foreignNotional": 24
    },
    {
        "timestamp": "2019-05-03T12:00:51.679Z",
        "symbol": "XBTUSD",
        "side": "Sell",
        "size": 50,
        "price": 5699.5,
        "tickDirection": "ZeroMinusTick",
        "trdMatchID": "d31660f1-32dc-c800-e481-315aba2b8a8e",
        "grossValue": 877250,
        "homeNotional": 0.0087725,
        "foreignNotional": 50
    },
    {
        "timestamp": "2019-05-03T12:00:51.679Z",
        "symbol": "XBTUSD",
        "side": "Sell",
        "size": 100,
        "price": 5699.5,
        "tickDirection": "ZeroMinusTick",
        "trdMatchID": "cda97a49-122a-7213-4340-35437e72b56b",
        "grossValue": 1754500,
        "homeNotional": 0.017545,
        "foreignNotional": 100
    },
    {
        "timestamp": "2019-05-03T12:00:51.679Z",
        "symbol": "XBTUSD",
        "side": "Sell",
        "size": 3000,
        "price": 5699.5,
        "tickDirection": "ZeroMinusTick",
        "trdMatchID": "064d2623-52d5-5807-c72a-ec96c702f0aa",
        "grossValue": 52635000,
        "homeNotional": 0.52635,
        "foreignNotional": 3000
    },
    {
        "timestamp": "2019-05-03T12:00:51.679Z",
        "symbol": "XBTUSD",
        "side": "Sell",
        "size": 200,
        "price": 5699.5,
        "tickDirection": "ZeroMinusTick",
        "trdMatchID": "f0539271-c3db-4f15-fd15-786d6c493d72",
        "grossValue": 3509000,
        "homeNotional": 0.03509,
        "foreignNotional": 200
    },
    {
        "timestamp": "2019-05-03T12:00:51.679Z",
        "symbol": "XBTUSD",
        "side": "Sell",
        "size": 200,
        "price": 5699.5,
        "tickDirection": "ZeroMinusTick",
        "trdMatchID": "ca7fc568-4a3f-3e09-3926-88e53299fea9",
        "grossValue": 3509000,
        "homeNotional": 0.03509,
        "foreignNotional": 200
    },
    {
        "timestamp": "2019-05-03T12:00:51.679Z",
        "symbol": "XBTUSD",
        "side": "Sell",
        "size": 24,
        "price": 5699,
        "tickDirection": "MinusTick",
        "trdMatchID": "1f96a81a-c38d-cdce-2bc8-1e315f76f679",
        "grossValue": 421128,
        "homeNotional": 0.00421128,
        "foreignNotional": 24
    },
    {
        "timestamp": "2019-05-03T12:00:51.679Z",
        "symbol": "XBTUSD",
        "side": "Sell",
        "size": 42180,
        "price": 5699,
        "tickDirection": "ZeroMinusTick",
        "trdMatchID": "aa2e9b81-a331-5f9d-c121-1345f25f915d",
        "grossValue": 740132460,
        "homeNotional": 7.4013246,
        "foreignNotional": 42180
    },
    {
        "timestamp": "2019-05-03T12:00:51.828Z",
        "symbol": "XBTUSD",
        "side": "Sell",
        "size": 1000,
        "price": 5700,
        "tickDirection": "PlusTick",
        "trdMatchID": "6c783c59-6669-7181-f3f4-afd9e21acb01",
        "grossValue": 17544000,
        "homeNotional": 0.17544,
        "foreignNotional": 1000
    },
    {
        "timestamp": "2019-05-03T12:00:51.929Z",
        "symbol": "XBTUSD",
        "side": "Sell",
        "size": 2000,
        "price": 5700,
        "tickDirection": "ZeroPlusTick",
        "trdMatchID": "7414473f-4739-7405-ce55-46a01b34c91f",
        "grossValue": 35088000,
        "homeNotional": 0.35088,
        "foreignNotional": 2000
    },
    {
        "timestamp": "2019-05-03T12:00:51.929Z",
        "symbol": "XBTUSD",
        "side": "Sell",
        "size": 3000,
        "price": 5699.5,
        "tickDirection": "MinusTick",
        "trdMatchID": "01c2da73-9ff4-5836-f820-720bb0606af0",
        "grossValue": 52635000,
        "homeNotional": 0.52635,
        "foreignNotional": 3000
    },
    {
        "timestamp": "2019-05-03T12:00:51.952Z",
        "symbol": "XBTUSD",
        "side": "Sell",
        "size": 37,
        "price": 5699.5,
        "tickDirection": "ZeroMinusTick",
        "trdMatchID": "c6e65572-6461-46f6-a206-34a3607940bb",
        "grossValue": 649165,
        "homeNotional": 0.00649165,
        "foreignNotional": 37
    },
    {
        "timestamp": "2019-05-03T12:00:51.952Z",
        "symbol": "XBTUSD",
        "side": "Sell",
        "size": 1,
        "price": 5699.5,
        "tickDirection": "ZeroMinusTick",
