[
    {
        "timestamp": "2020-04-11T14:26:29.019Z",
        "symbol": "XBTUSD",
        "side": "Buy",
        "size": 1,
        "price": 6840,
        "tickDirection": "PlusTick",
        "trdMatchID": "df0453c2-939b-547d-46d1-12159ab4150b",
        "grossValue": 14620,
        "homeNotional": 0.0001462,
        "foreignNotional": 1
    },
    {
        "timestamp": "2020-04-11T14:26:27.012Z",
        "symbol": "XBTUSD",
        "side": "Sell",
        "size": 1,
        "price": 6839.5,
        "tickDirection": "ZeroMinusTick",
        "trdMatchID": "5f92886f-73d3-f58e-23ae-67b10337e303",
        "grossValue": 14621,
        "homeNotional": 0.00014621,
        "foreignNotional": 1
    },
    {
        "timestamp": "2020-04-11T14:26:26.141Z",
        "symbol": "XBTUSD",
        "side": "Sell",
        "size": 5,
        "price": 6839.5,
        "tickDirection": "MinusTick",
        "trdMatchID": "25c260a7-160b-7a03-33b0-756bfb04f3e4",
        "grossValue": 73105,
        "homeNotional": 0.00073105,
        "foreignNotional": 5
    },
    {
        "timestamp": "2020-04-11T14:26:25.611Z",
        "symbol": "XBTUSD",
        "side": "Buy",
        "size": 100,
        "price": 6840,
        "tickDirection": "PlusTick",
        "trdMatchID": "acd3c5f9-fe73-8561-83ed-725ccb2ac541",
        "grossValue": 1462000,
        "homeNotional": 0.01462,
        "foreignNotional": 100
    },
    {
        "timestamp": "2020-04-11T14:26:24.977Z",
        "symbol": "XBTUSD",
        "side": "Sell",
        "size": 150,
        "price": 6839.5,
        "tickDirection": "ZeroMinusTick",
        "trdMatchID": "50abf9b9-6785-3db7-3d09-ede0b4b592f8",
        "grossValue": 2193150,
        "homeNotional": 0.0219315,
        "foreignNotional": 150
    },
    {
        "timestamp": "2020-04-11T14:26:22.980Z",
        "symbol": "XBTUSD",
        "side": "Sell",
        "size": 30,
        "price": 6839.5,
        "tickDirection": "ZeroMinusTick",
        "trdMatchID": "70ca9d23-7e01-055b-fa22-2439894a1ce3",
        "grossValue": 438630,
        "homeNotional": 0.0043863,
        "foreignNotional": 30
    },
    {
        "timestamp": "2020-04-11T14:26:22.653Z",
        "symbol": "XBTUSD",
        "side": "Sell",
        "size": 1,
        "price": 6839.5,
        "tickDirection": "MinusTick",
        "trdMatchID": "cdeb6ebf-8bf9-e9e1-333e-8d247aa645cd",
        "grossValue": 14621,
        "homeNotional": 0.00014621,
        "foreignNotional": 1
    },
    {
        "timestamp": "2020-04-11T14:26:21.630Z",
        "symbol": "XBTUSD",
        "side": "Buy",
        "size": 1,
        "price": 6840,
        "tickDirection": "PlusTick",
        "trdMatchID": "6a334981-974f-3669-4f37-14d08cf88dd3",
        "grossValue": 14620,
        "homeNotional": 0.0001462,
        "foreignNotional": 1
    },
    {
        "timestamp": "2020-04-11T14:26:21.587Z",
        "symbol": "XBTUSD",
        "side": "Sell",
        "size": 300,
        "price": 6839.5,
        "tickDirection": "ZeroMinusTick",
        "trdMatchID": "18c84440-f957-f7bf-c5ca-8fd0b953f066",
        "grossValue": 4386300,
        "homeNotional": 0.043863,
        "foreignNotional": 300
    },
    {
        "timestamp": "2020-04-11T14:26:20.550Z",
        "symbol": "XBTUSD",
        "side": "Sell",
        "size": 250,
        "price": 6839.5,
        "tickDirection": "ZeroMinusTick",
        "trdMatchID": "ecabacd2-935d-3a33-289f-a11933c6ef2f",
        "grossValue": 3655250,
        "homeNotional": 0.0365525,
        "foreignNotional": 250
    },
    {
        "timestamp": "2020-04-11T14:26:19.407Z",
        "symbol": "XBTUSD",
        "side": "Sell",
        "size": 300,
        "price": 6839.5,
        "tickDirection": "ZeroMinusTick",
        "trdMatchID": "5da6e62e-567d-2fb1-91dc-bb36bcb5a606",
        "grossValue": 4386300,
        "homeNotional": 0.043863,
        "foreignNotional": 300
    },
    {
        "timestamp": "2020-04-11T14:26:18.935Z",
        "symbol": "XBTUSD",
        "side": "Sell",
        "size": 100,
        "price": 6839.5,
        "tickDirection": "MinusTick",
        "trdMatchID": "72577a26-9596-12bf-94e4-16949b0fce88",
        "grossValue": 1462100,
        "homeNotional": 0.014621,
        "foreignNotional": 100
    },
    {
        "timestamp": "2020-04-11T14:26:18.016Z",
        "symbol": "XBTUSD",
        "side": "Buy",
        "size": 501,
        "price": 6840,
        "tickDirection": "PlusTick",
        "trdMatchID": "119bc2dd-7949-034b-6736-53f15e3e5bd5",
        "grossValue": 7324620,
        "homeNotional": 0.0732462,
        "foreignNotional": 501
    },
    {
        "timestamp": "2020-04-11T14:26:16.898Z",
        "symbol": "XBTUSD",
        "side": "Sell",
        "size": 1300,
        "price": 6839.5,
        "tickDirection": "MinusTick",
        "trdMatchID": "b1ee8be9-9703-2f6e-bfaa-0525ac96353d",
        "grossValue": 19007300,
        "homeNotional": 0.190073,
        "foreignNotional": 1300
    },
    {
        "timestamp": "2020-04-11T14:26:14.770Z",
        "symbol": "XBTUSD",
        "side": "Buy",
        "size": 700,
        "price": 6840,
        "tickDirection": "ZeroPlusTick",
        "trdMatchID": "1f63436b-07b5-9531-6997-9f6288382fff",
        "grossValue": 10234000,
        "homeNotional": 0.10234,
        "foreignNotional": 700
    },
    {
        "timestamp": "2020-04-11T14:26:13.759Z",
        "symbol": "XBTUSD",
        "side": "Buy",
        "size": 300,
        "price": 6840,
        "tickDirection": "PlusTick",
        "trdMatchID": "a9a31b12-0474-19d3-3386-77afcd01e35e",
        "grossValue": 4386000,
        "homeNotional": 0.04386,
        "foreignNotional": 300
    },
    {
        "timestamp": "2020-04-11T14:26:04.689Z",
        "symbol": "XBTUSD",
        "side": "Sell",
        "size": 1107,
        "price": 6839.5,
        "tickDirection": "ZeroMinusTick",
        "trdMatchID": "1cc11422-033a-4c81-fa27-65db0fea5c15",
        "grossValue": 16185447,
        "homeNotional": 0.16185447,
        "foreignNotional": 1107
    },
    {
        "timestamp": "2020-04-11T14:26:04.689Z",
        "symbol": "XBTUSD",
        "side": "Sell",
        "size": 2893,
        "price": 6839.5,
        "tickDirection": "MinusTick",
        "trdMatchID": "bff14f6c-b0f3-d469-6589-0de57ed0077e",
        "grossValue": 42298553,
        "homeNotional": 0.42298553,
        "foreignNotional": 2893
    },
    {
        "timestamp": "2020-04-11T14:26:02.815Z",
        "symbol": "XBTUSD",
        "side": "Buy",
        "size": 1,
        "price": 6840,
        "tickDirection": "ZeroPlusTick",
        "trdMatchID": "f517a22d-309b-4add-94a5-177ddf6043bb",
        "grossValue": 14620,
        "homeNotional": 0.0001462,
        "foreignNotional": 1
    },
    {
        "timestamp": "2020-04-11T14:26:00.677Z",
        "symbol": "XBTUSD",
        "side": "Buy",
        "size": 50,
        "price": 6840,
        "tickDirection": "PlusTick",
        "trdMatchID": "4e812536-edfc-4a2a-93fb-e5166715c84b",
        "grossValue": 731000,
        "homeNotional": 0.00731,
        "foreignNotional": 50
    },
    {
        "timestamp": "2020-04-11T14:25:59.271Z",
        "symbol": "XBTUSD",
        "side": "Sell",
        "size": 10000,
        "price": 6839.5,
        "tickDirection": "ZeroMinusTick",
        "trdMatchID": "b07e3438-a4d0-1196-0b2e-ad3cbe9e9c87",
        "grossValue": 146210000,
        "homeNotional": 1.4621,
        "foreignNotional": 10000
    },
    {
        "timestamp": "2020-04-11T14:25:58.997Z",
        "symbol": "XBTUSD",
        "side": "Sell",
        "size": 107,
        "price": 6839.5,
        "tickDirection": "ZeroMinusTick",
        "trdMatchID": "0fbbcb86-38a3-66da-e084-df3fd4f2aa1d",
        "grossValue": 1564447,
        "homeNotional": 0.01564447,
        "foreignNotional": 107
    },
    {
        "timestamp": "2020-04-11T14:25:58.997Z",
        "symbol": "XBTUSD",
        "side": "Sell",
        "size": 4000,
        "price": 6839.5,
        "tickDirection": "ZeroMinusTick",
        "trdMatchID": "5b925048-d3bd-f8a9-222c-825fc34a33ac",
        "grossValue": 58484000,
        "homeNotional": 0.58484,
        "foreignNotional": 4000
    },
    {
        "timestamp": "2020-04-11T14:25:58.997Z",
        "symbol": "XBTUSD",
        "side": "Sell",
        "size": 50,
        "price": 6839.5,
        "tickDirection": "ZeroMinusTick",
        "trdMatchID": "6659b223-8ae2-3429-ad9f-773a48720d02",
        "grossValue": 731050,
        "homeNotional": 0.0073105,
        "foreignNotional": 50
    },
    {
        "timestamp": "2020-04-11T14:25:58.997Z",
        "symbol": "XBTUSD",
        "side": "Sell",
        "size": 80,
        "price": 6839.5,
        "tickDirection": "ZeroMinusTick",
        "trdMatchID": "9e6ac138-19a7-b55b-182b-418d653564b3",
        "grossValue": 1169680,
        "homeNotional": 0.0116968,
        "foreignNotional": 80
    },
    {
        "timestamp": "2020-04-11T14:25:58.997Z",
        "symbol": "XBTUSD",
        "side": "Sell",
        "size": 228,
        "price": 6839.5,
        "tickDirection": "ZeroMinusTick",
        "trdMatchID": "be89f856-2530-886d-654f-d79dc97af8ea",
        "grossValue": 3333588,
        "homeNotional": 0.03333588,
        "foreignNotional": 228
    },
    {
        "timestamp": "2020-04-11T14:25:58.997Z",
        "symbol": "XBTUSD",
        "side": "Sell",
        "size": 1000,
        "price": 6839.5,
        "tickDirection": "ZeroMinusTick",
        "trdMatchID": "12493861-f6e9-d59a-f174-348892b1ab74",
        "grossValue": 14621000,
        "homeNotional": 0.14621,
        "foreignNotional": 1000
    },
    {
        "timestamp": "2020-04-11T14:25:58.997Z",
        "symbol": "XBTUSD",
        "side": "Sell",
        "size": 18,
        "price": 6839.5,
        "tickDirection": "ZeroMinusTick",
        "trdMatchID": "9f5c455d-e7b1-682c-a0db-45ebdc925968",
        "grossValue": 263178,
        "homeNotional": 0.00263178,
        "foreignNotional": 18
    },
    {
        "timestamp": "2020-04-11T14:25:58.997Z",
        "symbol": "XBTUSD",
        "side": "Sell",
        "size": 517,
        "price": 6839.5,
        "tickDirection": "ZeroMinusTick",
        "trdMatchID": "8b4df31f-9465-2eff-8c4b-e39ba6ff0d30",
        "grossValue": 7559057,
        "homeNotional": 0.07559057,
        "foreignNotional": 517
    },
    {
        "timestamp": "2020-04-11T14:25:56.145Z",
        "symbol": "XBTUSD",
        "side": "Sell",
        "size": 15,
        "price": 6839.5,
        "tickDirection": "ZeroMinusTick",
        "trdMatchID": "cfece63a-1cb2-4d12-ca91-cff20bfc3911",
        "grossValue": 219315,
        "homeNotional": 0.00219315,
        "foreignNotional": 15
    },
    {
        "timestamp": "2020-04-11T14:25:54.317Z",
        "symbol": "XBTUSD",
        "side": "Sell",
        "size": 2000,
        "price": 6839.5,
        "tickDirection": "ZeroMinusTick",
        "trdMatchID": "2c0e0722-048d-4a0a-242d-8cebfb193962",
        "grossValue": 29242000,
        "homeNotional": 0.29242,
        "foreignNotional": 2000
    },
    {
        "timestamp": "2020-04-11T14:25:54.099Z",
        "symbol": "XBTUSD",
        "side": "Sell",
        "size": 1,
        "price": 6839.5,
        "tickDirection": "ZeroMinusTick",
        "trdMatchID": "174eeaf4-8cf5-7387-3219-53c811cf7326",
        "grossValue": 14621,
        "homeNotional": 0.00014621,
        "foreignNotional": 1
    },
    {
        "timestamp": "2020-04-11T14:25:53.515Z",
        "symbol": "XBTUSD",
        "side": "Sell",
        "size": 20,
        "price": 6839.5,
        "tickDirection": "MinusTick",
        "trdMatchID": "ee4f229d-a22c-6c10-9454-f0d482f2b35f",
        "grossValue": 292420,
        "homeNotional": 0.0029242,
        "foreignNotional": 20
    },
    {
        "timestamp": "2020-04-11T14:25:53.073Z",
        "symbol": "XBTUSD",
        "side": "Buy",
        "size": 1,
        "price": 6840,
        "tickDirection": "ZeroPlusTick",
        "trdMatchID": "1fd38b26-8ba2-e959-6c07-4f0665061f39",
        "grossValue": 14620,
        "homeNotional": 0.0001462,
        "foreignNotional": 1
    },
    {
        "timestamp": "2020-04-11T14:25:52.960Z",
        "symbol": "XBTUSD",
        "side": "Buy",
        "size": 20,
        "price": 6840,
        "tickDirection": "PlusTick",
        "trdMatchID": "5d584197-ae3f-41e5-a592-fbec0d0345e4",
        "grossValue": 292400,
        "homeNotional": 0.002924,
        "foreignNotional": 20
    },
    {
        "timestamp": "2020-04-11T14:25:51.403Z",
        "symbol": "XBTUSD",
        "side": "Sell",
        "size": 7447,
        "price": 6839.5,
        "tickDirection": "ZeroMinusTick",
        "trdMatchID": "74c998f9-2ac9-4d54-7490-6170801357d7",
        "grossValue": 108882587,
        "homeNotional": 1.08882587,
        "foreignNotional": 7447
    },
    {
        "timestamp": "2020-04-11T14:25:51.403Z",
        "symbol": "XBTUSD",
        "side": "Sell",
        "size": 26,
        "price": 6839.5,
        "tickDirection": "ZeroMinusTick",
        "trdMatchID": "e4b5dd57-8540-32d8-85b9-12fe486956cf",
        "grossValue": 380146,
        "homeNotional": 0.00380146,
        "foreignNotional": 26
    },
    {
        "timestamp": "2020-04-11T14:25:51.403Z",
        "symbol": "XBTUSD",
        "side": "Sell",
        "size": 19,
        "price": 6839.5,
        "tickDirection": "ZeroMinusTick",
        "trdMatchID": "e8045397-4500-dcf2-e9f4-98b1e23e57e0",
        "grossValue": 277799,
        "homeNotional": 0.00277799,
        "foreignNotional": 19
    },
    {
        "timestamp": "2020-04-11T14:25:51.403Z",
        "symbol": "XBTUSD",
        "side": "Sell",
        "size": 80,
        "price": 6839.5,
        "tickDirection": "ZeroMinusTick",
        "trdMatchID": "b99cf854-1791-15c7-3bcc-8ba7491c5058",
        "grossValue": 1169680,
        "homeNotional": 0.0116968,
        "foreignNotional": 80
    },
    {
        "timestamp": "2020-04-11T14:25:51.403Z",
        "symbol": "XBTUSD",
        "side": "Sell",
        "size": 2428,
        "price": 6839.5,
        "tickDirection": "ZeroMinusTick",
        "trdMatchID": "5f9743b6-4a61-a499-b3cc-14aba804dfc1",
        "grossValue": 35499788,
        "homeNotional": 0.35499788,
        "foreignNotional": 2428
    },
    {
        "timestamp": "2020-04-11T14:25:50.635Z",
        "symbol": "XBTUSD",
        "side": "Sell",
        "size": 2000,
        "price": 6839.5,
        "tickDirection": "ZeroMinusTick",
        "trdMatchID": "425df6f7-5b58-a485-0d98-249c542a2796",
        "grossValue": 29242000,
        "homeNotional": 0.29242,
        "foreignNotional": 2000
    },
    {
        "timestamp": "2020-04-11T14:25:49.312Z",
        "symbol": "XBTUSD",
        "side": "Sell",
        "size": 200,
        "price": 6839.5,
        "tickDirection": "ZeroMinusTick",
        "trdMatchID": "afe58f4c-a9a7-071e-e5d9-0f6c9ce317d3",
        "grossValue": 2924200,
        "homeNotional": 0.029242,
        "foreignNotional": 200
    },
    {
        "timestamp": "2020-04-11T14:25:49.256Z",
        "symbol": "XBTUSD",
        "side": "Sell",
        "size": 372,
        "price": 6839.5,
        "tickDirection": "ZeroMinusTick",
        "trdMatchID": "4a582c52-d3d6-afa8-2fec-21ceb0e3b07a",
        "grossValue": 5439012,
        "homeNotional": 0.05439012,
        "foreignNotional": 372
    },
    {
        "timestamp": "2020-04-11T14:25:49.256Z",
        "symbol": "XBTUSD",
        "side": "Sell",
        "size": 27,
        "price": 6839.5,
        "tickDirection": "ZeroMinusTick",
        "trdMatchID": "4fd1fc38-d330-248f-6d2d-e915790d505d",
        "grossValue": 394767,
        "homeNotional": 0.00394767,
        "foreignNotional": 27
    },
    {
        "timestamp": "2020-04-11T14:25:49.256Z",
        "symbol": "XBTUSD",
        "side": "Sell",
        "size": 2601,
        "price": 6839.5,
        "tickDirection": "ZeroMinusTick",
        "trdMatchID": "4464c7a2-7b32-6c0b-fa83-1fcbfda728c6",
        "grossValue": 38029221,
        "homeNotional": 0.38029221,
        "foreignNotional": 2601
    },
    {
        "timestamp": "2020-04-11T14:25:48.773Z",
        "symbol": "XBTUSD",
        "side": "Sell",
        "size": 1,
        "price": 6839.5,
        "tickDirection": "ZeroMinusTick",
        "trdMatchID": "8edcd28d-8f06-906b-4463-106e0d9f3d61",
        "grossValue": 14621,
        "homeNotional": 0.00014621,
        "foreignNotional": 1
    },
    {
        "timestamp": "2020-04-11T14:25:48.557Z",
        "symbol": "XBTUSD",
        "side": "Sell",
        "size": 1000,
        "price": 6839.5,
        "tickDirection": "ZeroMinusTick",
        "trdMatchID": "cfacf145-6da9-6b8a-86ef-571d68acc446",
        "grossValue": 14621000,
        "homeNotional": 0.14621,
        "foreignNotional": 1000
    },
    {
        "timestamp": "2020-04-11T14:25:47.736Z",
        "symbol": "XBTUSD",
        "side": "Sell",
        "size": 10000,
        "price": 6839.5,
        "tickDirection": "ZeroMinusTick",
        "trdMatchID": "b08c397a-f643-8fa5-84a7-999cea8325a8",
        "grossValue": 146210000,
        "homeNotional": 1.4621,
        "foreignNotional": 10000
    },
    {
        "timestamp": "2020-04-11T14:25:44.975Z",
        "symbol": "XBTUSD",
        "side": "Sell",
        "size": 10000,
        "price": 6839.5,
        "tickDirection": "ZeroMinusTick",
        "trdMatchID": "6d7d3b59-872c-6d50-a3f6-0b7f2ab1e178",
        "grossValue": 146210000,
        "homeNotional": 1.4621,
        "foreignNotional": 10000
    },
    {
        "timestamp": "2020-04-11T14:25:43.520Z",
        "symbol": "XBTUSD",
        "side": "Sell",
        "size": 101,
        "price": 6839.5,
        "tickDirection": "ZeroMinusTick",
        "trdMatchID": "1869e8bb-728f-91e9-7d1c-78c6763cf96a",
        "grossValue": 1476721,
        "homeNotional": 0.01476721,
        "foreignNotional": 101
    },
    {
        "timestamp": "2020-04-11T14:25:42.503Z",
        "symbol": "XBTUSD",
        "side": "Sell",
        "size": 1000,
        "price": 6839.5,
        "tickDirection": "ZeroMinusTick",
        "trdMatchID": "54586091-f4a3-5911-820c-837fa8a18406",
        "grossValue": 14621000,
        "homeNotional": 0.14621,
        "foreignNotional": 1000
    },
    {
        "timestamp": "2020-04-11T14:25:40.783Z",
        "symbol": "XBTUSD",
        "side": "Sell",
        "size": 1000,
        "price": 6839.5,
        "tickDirection": "ZeroMinusTick",
        "trdMatchID": "aea24d71-58ad-40e0-2e68-293afc515169",
        "grossValue": 14621000,
        "homeNotional": 0.14621,
        "foreignNotional": 1000
    },
    {
        "timestamp": "2020-04-11T14:25:40.182Z",
        "symbol": "XBTUSD",
        "side": "Sell",
        "size": 1641,
        "price": 6839.5,
        "tickDirection": "ZeroMinusTick",
        "trdMatchID": "1e50ac88-4543-1e39-91f9-679ac9b57764",
        "grossValue": 23993061,
        "homeNotional": 0.23993061,
        "foreignNotional": 1641
    },
    {
        "timestamp": "2020-04-11T14:25:39.937Z",
        "symbol": "XBTUSD",
        "side": "Sell",
        "size": 60,
        "price": 6839.5,
        "tickDirection": "ZeroMinusTick",
        "trdMatchID": "563712ba-07d1-7db4-624b-3bc00994036e",
        "grossValue": 877260,
        "homeNotional": 0.0087726,
        "foreignNotional": 60
    },
    {
        "timestamp": "2020-04-11T14:25:39.646Z",
        "symbol": "XBTUSD",
        "side": "Sell",
        "size": 5000,
        "price": 6839.5,
        "tickDirection": "ZeroMinusTick",
        "trdMatchID": "ab361d09-e7e6-3a9c-3361-eeb85b91be11",
        "grossValue": 73105000,
        "homeNotional": 0.73105,
        "foreignNotional": 5000
    },
    {
        "timestamp": "2020-04-11T14:25:39.622Z",
        "symbol": "XBTUSD",
        "side": "Sell",
        "size": 1641,
        "price": 6839.5,
        "tickDirection": "ZeroMinusTick",
        "trdMatchID": "58ed18b6-f756-ee6f-60f8-562fe2f56a09",
        "grossValue": 23993061,
        "homeNotional": 0.23993061,
        "foreignNotional": 1641
    },
    {
        "timestamp": "2020-04-11T14:25:39.536Z",
        "symbol": "XBTUSD",
        "side": "Sell",
        "size": 31,
        "price": 6839.5,
        "tickDirection": "ZeroMinusTick",
        "trdMatchID": "2bcf1630-0a9b-6da9-0668-d5e87550efae",
        "grossValue": 453251,
        "homeNotional": 0.00453251,
        "foreignNotional": 31
    },
    {
        "timestamp": "2020-04-11T14:25:39.119Z",
        "symbol": "XBTUSD",
        "side": "Sell",
        "size": 1641,
        "price": 6839.5,
        "tickDirection": "ZeroMinusTick",
        "trdMatchID": "9e444b64-a3d2-7bba-c877-06e55a58a7b8",
        "grossValue": 23993061,
        "homeNotional": 0.23993061,
        "foreignNotional": 1641
    },
    {
        "timestamp": "2020-04-11T14:25:39.087Z",
        "symbol": "XBTUSD",
        "side": "Sell",
        "size": 500,
        "price": 6839.5,
        "tickDirection": "ZeroMinusTick",
        "trdMatchID": "c1d07bbd-b143-3d47-a6c6-e8f2778a5749",
        "grossValue": 7310500,
        "homeNotional": 0.073105,
        "foreignNotional": 500
    },
    {
        "timestamp": "2020-04-11T14:25:38.575Z",
        "symbol": "XBTUSD",
        "side": "Sell",
        "size": 1000,
        "price": 6839.5,
        "tickDirection": "ZeroMinusTick",
        "trdMatchID": "a8b561b8-6ed3-9997-4458-c3a552677f02",
        "grossValue": 14621000,
        "homeNotional": 0.14621,
        "foreignNotional": 1000
    },
    {
        "timestamp": "2020-04-11T14:25:38.564Z",
        "symbol": "XBTUSD",
        "side": "Sell",
        "size": 1641,
        "price": 6839.5,
        "tickDirection": "ZeroMinusTick",
        "trdMatchID": "7e5bbce4-112c-8095-7184-87d26a55b49d",
        "grossValue": 23993061,
        "homeNotional": 0.23993061,
        "foreignNotional": 1641
    },
    {
        "timestamp": "2020-04-11T14:25:38.527Z",
        "symbol": "XBTUSD",
        "side": "Sell",
        "size": 31,
        "price": 6839.5,
        "tickDirection": "ZeroMinusTick",
        "trdMatchID": "c1f8fcd5-39b5-260e-227c-4ca6664827fd",
        "grossValue": 453251,
        "homeNotional": 0.00453251,
        "foreignNotional": 31
    },
    {
        "timestamp": "2020-04-11T14:25:38.250Z",
        "symbol": "XBTUSD",
        "side": "Sell",
        "size": 1641,
        "price": 6839.5,
        "tickDirection": "ZeroMinusTick",
        "trdMatchID": "17abeb6b-18ed-f5d1-7dd6-5d2a2e769526",
        "grossValue": 23993061,
        "homeNotional": 0.23993061,
        "foreignNotional": 1641
    },
    {
        "timestamp": "2020-04-11T14:25:37.855Z",
        "symbol": "XBTUSD",
        "side": "Sell",
        "size": 31,
        "price": 6839.5,
        "tickDirection": "ZeroMinusTick",
        "trdMatchID": "3bb8e346-cfc3-9bd0-49fd-8fe7975253df",
        "grossValue": 453251,
        "homeNotional": 0.00453251,
        "foreignNotional": 31
    },
    {
        "timestamp": "2020-04-11T14:25:37.501Z",
        "symbol": "XBTUSD",
        "side": "Sell",
        "size": 9439,
        "price": 6839.5,
        "tickDirection": "ZeroMinusTick",
        "trdMatchID": "a6e553e6-c031-b53b-134b-2acf9ab5e8b9",
        "grossValue": 138007619,
        "homeNotional": 1.38007619,
        "foreignNotional": 9439
    },
    {
        "timestamp": "2020-04-11T14:25:37.501Z",
        "symbol": "XBTUSD",
        "side": "Sell",
        "size": 31,
        "price": 6839.5,
        "tickDirection": "ZeroMinusTick",
        "trdMatchID": "13960304-bf29-4a72-e86e-9d82f723dd22",
        "grossValue": 453251,
        "homeNotional": 0.00453251,
        "foreignNotional": 31
    },
    {
        "timestamp": "2020-04-11T14:25:37.501Z",
        "symbol": "XBTUSD",
        "side": "Sell",
        "size": 19,
        "price": 6839.5,
        "tickDirection": "ZeroMinusTick",
        "trdMatchID": "dba15db5-7397-8abc-64f2-e85ad8408333",
        "grossValue": 277799,
        "homeNotional": 0.00277799,
        "foreignNotional": 19
    },
    {
        "timestamp": "2020-04-11T14:25:37.501Z",
        "symbol": "XBTUSD",
        "side": "Sell",
        "size": 26,
        "price": 6839.5,
        "tickDirection": "ZeroMinusTick",
        "trdMatchID": "dd8878ea-a269-aa19-3774-feaa3378a810",
        "grossValue": 380146,
        "homeNotional": 0.00380146,
        "foreignNotional": 26
    },
    {
        "timestamp": "2020-04-11T14:25:37.501Z",
        "symbol": "XBTUSD",
        "side": "Sell",
        "size": 33,
        "price": 6839.5,
        "tickDirection": "ZeroMinusTick",
        "trdMatchID": "3d6d0645-2def-44b5-102a-d3bfb1c6cbc3",
        "grossValue": 482493,
        "homeNotional": 0.00482493,
        "foreignNotional": 33
    },
    {
        "timestamp": "2020-04-11T14:25:37.501Z",
        "symbol": "XBTUSD",
        "side": "Sell",
        "size": 22,
        "price": 6839.5,
        "tickDirection": "ZeroMinusTick",
        "trdMatchID": "2625e8d9-212d-d160-842a-a5c0a56d4a0a",
        "grossValue": 321662,
        "homeNotional": 0.00321662,
        "foreignNotional": 22
    },
    {
        "timestamp": "2020-04-11T14:25:37.501Z",
        "symbol": "XBTUSD",
        "side": "Sell",
        "size": 19,
        "price": 6839.5,
        "tickDirection": "ZeroMinusTick",
        "trdMatchID": "4b00537c-d9c2-9cd8-e439-1ddec4a415e4",
        "grossValue": 277799,
        "homeNotional": 0.00277799,
        "foreignNotional": 19
    },
    {
        "timestamp": "2020-04-11T14:25:37.501Z",
        "symbol": "XBTUSD",
        "side": "Sell",
        "size": 21,
        "price": 6839.5,
        "tickDirection": "ZeroMinusTick",
        "trdMatchID": "c6efe590-be42-2966-3b11-8d48c596764b",
        "grossValue": 307041,
        "homeNotional": 0.00307041,
        "foreignNotional": 21
    },
    {
        "timestamp": "2020-04-11T14:25:37.501Z",
        "symbol": "XBTUSD",
        "side": "Sell",
        "size": 33,
        "price": 6839.5,
        "tickDirection": "ZeroMinusTick",
        "trdMatchID": "70bea98e-d94a-f616-1eee-601beeb15447",
        "grossValue": 482493,
        "homeNotional": 0.00482493,
        "foreignNotional": 33
    },
    {
        "timestamp": "2020-04-11T14:25:37.501Z",
        "symbol": "XBTUSD",
        "side": "Sell",
        "size": 28,
        "price": 6839.5,
        "tickDirection": "ZeroMinusTick",
        "trdMatchID": "cd2f48ca-1e0a-fba5-816a-0eb617915fe9",
        "grossValue": 409388,
        "homeNotional": 0.00409388,
        "foreignNotional": 28
    },
    {
        "timestamp": "2020-04-11T14:25:37.501Z",
        "symbol": "XBTUSD",
        "side": "Sell",
        "size": 29,
        "price": 6839.5,
        "tickDirection": "MinusTick",
        "trdMatchID": "86772256-bf26-e7b3-8476-55eae42b5852",
        "grossValue": 424009,
        "homeNotional": 0.00424009,
        "foreignNotional": 29
    },
    {
        "timestamp": "2020-04-11T14:25:37.501Z",
        "symbol": "XBTUSD",
        "side": "Sell",
        "size": 5000,
        "price": 6840,
        "tickDirection": "ZeroMinusTick",
        "trdMatchID": "71f4555a-567b-c308-0352-f07ad0946171",
        "grossValue": 73100000,
        "homeNotional": 0.731,
        "foreignNotional": 5000
    },
    {
        "timestamp": "2020-04-11T14:25:37.501Z",
        "symbol": "XBTUSD",
        "side": "Sell",
        "size": 120,
        "price": 6840,
        "tickDirection": "ZeroMinusTick",
        "trdMatchID": "0e0eb5e8-e44d-f99b-1cb3-668c24b6d24d",
        "grossValue": 1754400,
        "homeNotional": 0.017544,
        "foreignNotional": 120
    },
    {
        "timestamp": "2020-04-11T14:25:37.501Z",
        "symbol": "XBTUSD",
        "side": "Sell",
        "size": 1163,
        "price": 6840,
        "tickDirection": "ZeroMinusTick",
        "trdMatchID": "f8842f0e-bc9b-c8b9-4537-08bb564e149f",
        "grossValue": 17003060,
        "homeNotional": 0.1700306,
        "foreignNotional": 1163
    },
    {
        "timestamp": "2020-04-11T14:25:37.501Z",
        "symbol": "XBTUSD",
        "side": "Sell",
        "size": 34,
        "price": 6840,
        "tickDirection": "ZeroMinusTick",
        "trdMatchID": "76cd19ec-00a1-244c-6e88-f3ff98e29ed5",
        "grossValue": 497080,
        "homeNotional": 0.0049708,
        "foreignNotional": 34
    },
    {
        "timestamp": "2020-04-11T14:25:37.501Z",
        "symbol": "XBTUSD",
        "side": "Sell",
        "size": 80,
        "price": 6840,
        "tickDirection": "ZeroMinusTick",
        "trdMatchID": "6c337e8d-66cd-c25f-ff21-63b61a929fb4",
        "grossValue": 1169600,
        "homeNotional": 0.011696,
        "foreignNotional": 80
    },
    {
        "timestamp": "2020-04-11T14:25:37.501Z",
        "symbol": "XBTUSD",
        "side": "Sell",
        "size": 5000,
        "price": 6840,
        "tickDirection": "ZeroMinusTick",
        "trdMatchID": "0091e591-c28a-4df4-7390-e1d50cbc18d3",
        "grossValue": 73100000,
        "homeNotional": 0.731,
        "foreignNotional": 5000
    },
    {
        "timestamp": "2020-04-11T14:25:37.501Z",
        "symbol": "XBTUSD",
        "side": "Sell",
        "size": 36,
        "price": 6840,
        "tickDirection": "ZeroMinusTick",
        "trdMatchID": "ce66b9ce-6687-c552-1c50-6a37f0d52b89",
        "grossValue": 526320,
        "homeNotional": 0.0052632,
        "foreignNotional": 36
    },
    {
        "timestamp": "2020-04-11T14:25:37.501Z",
        "symbol": "XBTUSD",
        "side": "Sell",
        "size": 9,
        "price": 6840,
        "tickDirection": "ZeroMinusTick",
        "trdMatchID": "60542e92-dac2-3f11-4c97-4dd544454fd6",
        "grossValue": 131580,
        "homeNotional": 0.0013158,
        "foreignNotional": 9
    },
    {
        "timestamp": "2020-04-11T14:25:37.501Z",
        "symbol": "XBTUSD",
        "side": "Sell",
        "size": 9,
        "price": 6840,
        "tickDirection": "ZeroMinusTick",
        "trdMatchID": "fe63dd0d-fdcc-0233-8658-a4132d860a6b",
        "grossValue": 131580,
        "homeNotional": 0.0013158,
        "foreignNotional": 9
    },
    {
        "timestamp": "2020-04-11T14:25:37.501Z",
        "symbol": "XBTUSD",
        "side": "Sell",
        "size": 4,
        "price": 6840,
        "tickDirection": "ZeroMinusTick",
        "trdMatchID": "7443f8b7-e803-c663-07bb-fdb3425d0d5b",
        "grossValue": 58480,
        "homeNotional": 0.0005848,
        "foreignNotional": 4
    },
    {
        "timestamp": "2020-04-11T14:25:37.501Z",
        "symbol": "XBTUSD",
        "side": "Sell",
        "size": 27,
        "price": 6840,
        "tickDirection": "ZeroMinusTick",
        "trdMatchID": "9e011654-5fd4-5e5c-2158-fdf1a4cadfc4",
        "grossValue": 394740,
        "homeNotional": 0.0039474,
        "foreignNotional": 27
    },
    {
        "timestamp": "2020-04-11T14:25:37.501Z",
        "symbol": "XBTUSD",
        "side": "Sell",
        "size": 1000,
        "price": 6840,
        "tickDirection": "ZeroMinusTick",
        "trdMatchID": "faacd546-1b96-315c-f279-0e88da70bfe1",
        "grossValue": 14620000,
        "homeNotional": 0.1462,
        "foreignNotional": 1000
    },
    {
        "timestamp": "2020-04-11T14:25:37.501Z",
        "symbol": "XBTUSD",
        "side": "Sell",
        "size": 30,
        "price": 6840,
        "tickDirection": "ZeroMinusTick",
        "trdMatchID": "a8259f68-6dc4-80d9-673a-847023a0d5e0",
        "grossValue": 438600,
        "homeNotional": 0.004386,
        "foreignNotional": 30
    },
    {
        "timestamp": "2020-04-11T14:25:37.501Z",
        "symbol": "XBTUSD",
        "side": "Sell",
        "size": 20,
        "price": 6840,
        "tickDirection": "ZeroMinusTick",
        "trdMatchID": "5fd75c08-9e89-0092-8770-b7e6fc396ae3",
        "grossValue": 292400,
        "homeNotional": 0.002924,
        "foreignNotional": 20
    },
    {
        "timestamp": "2020-04-11T14:25:37.501Z",
        "symbol": "XBTUSD",
        "side": "Sell",
        "size": 31,
        "price": 6840,
        "tickDirection": "ZeroMinusTick",
        "trdMatchID": "d484aad2-a6b4-e86e-5bfc-fe730df0beb1",
        "grossValue": 453220,
        "homeNotional": 0.0045322,
        "foreignNotional": 31
    },
    {
        "timestamp": "2020-04-11T14:25:37.501Z",
        "symbol": "XBTUSD",
        "side": "Sell",
        "size": 19,
        "price": 6840,
        "tickDirection": "ZeroMinusTick",
        "trdMatchID": "54d7fb26-9b6e-dc47-942d-394fa1d4eab6",
        "grossValue": 277780,
        "homeNotional": 0.0027778,
        "foreignNotional": 19
    },
    {
        "timestamp": "2020-04-11T14:25:37.501Z",
        "symbol": "XBTUSD",
        "side": "Sell",
        "size": 9,
        "price": 6840,
        "tickDirection": "ZeroMinusTick",
        "trdMatchID": "b20b43c7-a68c-82db-165b-b99881a1b42f",
        "grossValue": 131580,
        "homeNotional": 0.0013158,
        "foreignNotional": 9
    },
    {
        "timestamp": "2020-04-11T14:25:37.501Z",
        "symbol": "XBTUSD",
        "side": "Sell",
        "size": 26,
        "price": 6840,
        "tickDirection": "ZeroMinusTick",
        "trdMatchID": "24a951f1-81d4-d0da-c4dc-70479dcf5fc8",
        "grossValue": 380120,
        "homeNotional": 0.0038012,
        "foreignNotional": 26
    },
    {
        "timestamp": "2020-04-11T14:25:37.501Z",
        "symbol": "XBTUSD",
        "side": "Sell",
        "size": 33,
        "price": 6840,
        "tickDirection": "ZeroMinusTick",
        "trdMatchID": "45a9a21c-bbec-53fb-ed4a-31d51579de8e",
        "grossValue": 482460,
        "homeNotional": 0.0048246,
        "foreignNotional": 33
    },
    {
        "timestamp": "2020-04-11T14:25:37.501Z",
        "symbol": "XBTUSD",
        "side": "Sell",
        "size": 100,
        "price": 6840,
        "tickDirection": "ZeroMinusTick",
        "trdMatchID": "6020417e-fe93-57a0-44bc-e7fae5953133",
        "grossValue": 1462000,
        "homeNotional": 0.01462,
        "foreignNotional": 100
    },
    {
        "timestamp": "2020-04-11T14:25:37.501Z",
        "symbol": "XBTUSD",
        "side": "Sell",
        "size": 22,
        "price": 6840,
        "tickDirection": "ZeroMinusTick",
        "trdMatchID": "0a218574-f538-80c3-a3d3-3a7194c4127f",
        "grossValue": 321640,
        "homeNotional": 0.0032164,
        "foreignNotional": 22
    },
    {
        "timestamp": "2020-04-11T14:25:37.501Z",
        "symbol": "XBTUSD",
        "side": "Sell",
        "size": 19,
        "price": 6840,
        "tickDirection": "ZeroMinusTick",
        "trdMatchID": "5db087a7-51a1-23ed-c0bf-db514e989848",
        "grossValue": 277780,
        "homeNotional": 0.0027778,
        "foreignNotional": 19
    },
    {
        "timestamp": "2020-04-11T14:25:37.501Z",
        "symbol": "XBTUSD",
        "side": "Sell",
        "size": 21,
        "price": 6840,
        "tickDirection": "ZeroMinusTick",
        "trdMatchID": "e96f64f0-34d4-cb2e-fca6-dee80851737d",
        "grossValue": 307020,
        "homeNotional": 0.0030702,
        "foreignNotional": 21
    },
    {
        "timestamp": "2020-04-11T14:25:37.501Z",
        "symbol": "XBTUSD",
        "side": "Sell",
        "size": 33,
        "price": 6840,
        "tickDirection": "ZeroMinusTick",
        "trdMatchID": "4c7db8d0-9f0e-af8d-1a2e-840224881198",
        "grossValue": 482460,
        "homeNotional": 0.0048246,
        "foreignNotional": 33
    },
    {
        "timestamp": "2020-04-11T14:25:37.501Z",
        "symbol": "XBTUSD",
        "side": "Sell",
        "size": 20,
        "price": 6840,
        "tickDirection": "ZeroMinusTick",
        "trdMatchID": "f4d3c2df-26fd-9e52-16ba-074167707aca",
        "grossValue": 292400,
        "homeNotional": 0.002924,
        "foreignNotional": 20
    },
    {
        "timestamp": "2020-04-11T14:25:37.501Z",
        "symbol": "XBTUSD",
        "side": "Sell",
        "size": 10000,
        "price": 6840,
        "tickDirection": "ZeroMinusTick",
        "trdMatchID": "b8efb415-8c54-7a4a-97f5-483868208bbf",
        "grossValue": 146200000,
        "homeNotional": 1.462,
        "foreignNotional": 10000
    },
    {
        "timestamp": "2020-04-11T14:25:37.501Z",
        "symbol": "XBTUSD",
        "side": "Sell",
        "size": 22,
        "price": 6840,
        "tickDirection": "ZeroMinusTick",
        "trdMatchID": "7cf52500-2aaa-4e42-8cec-13127c62323f",
        "grossValue": 321640,
        "homeNotional": 0.0032164,
        "foreignNotional": 22
    },
    {
        "timestamp": "2020-04-11T14:25:37.501Z",
        "symbol": "XBTUSD",
        "side": "Sell",
        "size": 27,
        "price": 6840,
        "tickDirection": "ZeroMinusTick",
        "trdMatchID": "5c361879-7454-70a6-2e2b-3f889229baaf",
        "grossValue": 394740,
        "homeNotional": 0.0039474,
        "foreignNotional": 27
    },
    {
        "timestamp": "2020-04-11T14:25:37.501Z",
        "symbol": "XBTUSD",
        "side": "Sell",
        "size": 883,
        "price": 6840,
        "tickDirection": "ZeroMinusTick",
        "trdMatchID": "554fc630-2a1f-c46c-ea4e-e7f7afad19db",
        "grossValue": 12909460,
        "homeNotional": 0.1290946,
        "foreignNotional": 883
    },
    {
        "timestamp": "2020-04-11T14:25:37.501Z",
        "symbol": "XBTUSD",
        "side": "Sell",
        "size": 250,
        "price": 6840,
        "tickDirection": "ZeroMinusTick",
        "trdMatchID": "06db6974-455a-a853-b84f-93114b527c14",
        "grossValue": 3655000,
        "homeNotional": 0.03655,
        "foreignNotional": 250
    },
    {
        "timestamp": "2020-04-11T14:25:37.501Z",
        "symbol": "XBTUSD",
        "side": "Sell",
        "size": 800,
        "price": 6840,
        "tickDirection": "ZeroMinusTick",
        "trdMatchID": "a57e69d2-f8b7-a86c-4870-998707f90ceb",
        "grossValue": 11696000,
        "homeNotional": 0.11696,
        "foreignNotional": 800
    },
    {
        "timestamp": "2020-04-11T14:25:37.501Z",
        "symbol": "XBTUSD",
        "side": "Sell",
        "size": 100,
        "price": 6840,
        "tickDirection": "ZeroMinusTick",
        "trdMatchID": "4d7ca9de-6c1d-64e4-e4db-9e6a5417a41b",
        "grossValue": 1462000,
        "homeNotional": 0.01462,
        "foreignNotional": 100
    },
    {
        "timestamp": "2020-04-11T14:25:37.501Z",
        "symbol": "XBTUSD",
        "side": "Sell",
        "size": 5,
        "price": 6840,
        "tickDirection": "ZeroMinusTick",
        "trdMatchID": "1d179706-324f-26fc-f971-4dcf90c9d1e4",
        "grossValue": 73100,
        "homeNotional": 0.000731,
        "foreignNotional": 5
    },
    {
        "timestamp": "2020-04-11T14:25:37.501Z",
        "symbol": "XBTUSD",
        "side": "Sell",
        "size": 273,
        "price": 6840,
        "tickDirection": "ZeroMinusTick",
        "trdMatchID": "74fa3637-8b0e-b661-3ad2-cb921e92619c",
        "grossValue": 3991260,
        "homeNotional": 0.0399126,
        "foreignNotional": 273
    },
    {
        "timestamp": "2020-04-11T14:25:37.501Z",
        "symbol": "XBTUSD",
        "side": "Sell",
        "size": 20,
        "price": 6840,
        "tickDirection": "ZeroMinusTick",
        "trdMatchID": "1e822e7a-a805-052e-3dd8-f9f49d4216a4",
        "grossValue": 292400,
        "homeNotional": 0.002924,
        "foreignNotional": 20
    },
    {
        "timestamp": "2020-04-11T14:25:37.501Z",
        "symbol": "XBTUSD",
        "side": "Sell",
        "size": 5000,
        "price": 6840,
        "tickDirection": "ZeroMinusTick",
        "trdMatchID": "807c6c39-471d-9878-62b2-bc16aa922357",
        "grossValue": 73100000,
        "homeNotional": 0.731,
        "foreignNotional": 5000
    },
    {
        "timestamp": "2020-04-11T14:25:37.501Z",
        "symbol": "XBTUSD",
        "side": "Sell",
        "size": 20,
        "price": 6840,
        "tickDirection": "ZeroMinusTick",
        "trdMatchID": "f6f85162-0111-85f4-b1da-0252fbc1c14c",
        "grossValue": 292400,
        "homeNotional": 0.002924,
        "foreignNotional": 20
    },
    {
        "timestamp": "2020-04-11T14:25:37.501Z",
        "symbol": "XBTUSD",
        "side": "Sell",
        "size": 35,
        "price": 6840,
        "tickDirection": "ZeroMinusTick",
        "trdMatchID": "9f2b36ea-ef20-918b-abb0-97527b00aa1e",
        "grossValue": 511700,
        "homeNotional": 0.005117,
        "foreignNotional": 35
    },
    {
        "timestamp": "2020-04-11T14:25:37.490Z",
        "symbol": "XBTUSD",
        "side": "Sell",
        "size": 31,
        "price": 6840,
        "tickDirection": "MinusTick",
        "trdMatchID": "def6efd6-1a02-48ce-ee07-c694f48e93d9",
        "grossValue": 453220,
        "homeNotional": 0.0045322,
        "foreignNotional": 31
    },
    {
        "timestamp": "2020-04-11T14:25:37.413Z",
        "symbol": "XBTUSD",
        "side": "Sell",
        "size": 528,
        "price": 6840.5,
        "tickDirection": "ZeroMinusTick",
        "trdMatchID": "4f639f69-bac0-d0d9-6631-e491cf886291",
        "grossValue": 7718832,
        "homeNotional": 0.07718832,
        "foreignNotional": 528
    },
    {
        "timestamp": "2020-04-11T14:25:37.413Z",
        "symbol": "XBTUSD",
        "side": "Sell",
        "size": 267,
        "price": 6840.5,
        "tickDirection": "ZeroMinusTick",
        "trdMatchID": "940cffec-5271-a6c7-14d9-c6c85f6dd529",
        "grossValue": 3903273,
        "homeNotional": 0.03903273,
        "foreignNotional": 267
    },
    {
        "timestamp": "2020-04-11T14:25:37.413Z",
        "symbol": "XBTUSD",
        "side": "Sell",
        "size": 3765,
        "price": 6840.5,
        "tickDirection": "ZeroMinusTick",
        "trdMatchID": "57edfa64-ad0f-2561-4075-23e14e28273e",
        "grossValue": 55040535,
        "homeNotional": 0.55040535,
        "foreignNotional": 3765
    },
    {
        "timestamp": "2020-04-11T14:25:37.413Z",
        "symbol": "XBTUSD",
        "side": "Sell",
        "size": 93,
        "price": 6840.5,
        "tickDirection": "ZeroMinusTick",
        "trdMatchID": "88efc9ff-bb42-6354-3a3e-e5dc74608799",
        "grossValue": 1359567,
        "homeNotional": 0.01359567,
        "foreignNotional": 93
    },
    {
        "timestamp": "2020-04-11T14:25:37.413Z",
        "symbol": "XBTUSD",
        "side": "Sell",
        "size": 59,
        "price": 6840.5,
        "tickDirection": "ZeroMinusTick",
        "trdMatchID": "ce538d50-258c-b5e8-9400-ad6fbecc3aa1",
        "grossValue": 862521,
        "homeNotional": 0.00862521,
        "foreignNotional": 59
    },
    {
        "timestamp": "2020-04-11T14:25:37.413Z",
        "symbol": "XBTUSD",
        "side": "Sell",
        "size": 20,
        "price": 6840.5,
        "tickDirection": "ZeroMinusTick",
        "trdMatchID": "eb65cd51-983d-75e2-7eeb-21e04a1c47fd",
        "grossValue": 292380,
        "homeNotional": 0.0029238,
        "foreignNotional": 20
    },
    {
        "timestamp": "2020-04-11T14:25:37.413Z",
        "symbol": "XBTUSD",
        "side": "Sell",
        "size": 1000,
        "price": 6840.5,
        "tickDirection": "ZeroMinusTick",
        "trdMatchID": "e625730a-3ee1-ae1a-c861-43d75d7c8709",
        "grossValue": 14619000,
        "homeNotional": 0.14619,
        "foreignNotional": 1000
    },
    {
        "timestamp": "2020-04-11T14:25:37.413Z",
        "symbol": "XBTUSD",
        "side": "Sell",
        "size": 80,
        "price": 6840.5,
        "tickDirection": "ZeroMinusTick",
        "trdMatchID": "579bdb78-655e-034a-3a48-684f0d88683b",
        "grossValue": 1169520,
        "homeNotional": 0.0116952,
        "foreignNotional": 80
    },
    {
        "timestamp": "2020-04-11T14:25:37.413Z",
        "symbol": "XBTUSD",
        "side": "Sell",
        "size": 5000,
        "price": 6840.5,
        "tickDirection": "ZeroMinusTick",
        "trdMatchID": "91ba69f6-e52f-d0ae-cec8-503e87216df1",
        "grossValue": 73095000,
        "homeNotional": 0.73095,
        "foreignNotional": 5000
    },
    {
        "timestamp": "2020-04-11T14:25:37.413Z",
        "symbol": "XBTUSD",
        "side": "Sell",
        "size": 9,
        "price": 6840.5,
        "tickDirection": "ZeroMinusTick",
        "trdMatchID": "dcdd3fe6-4db9-aa45-ff32-9cb495dc48fb",
        "grossValue": 131571,
        "homeNotional": 0.00131571,
        "foreignNotional": 9
    },
    {
        "timestamp": "2020-04-11T14:25:37.413Z",
        "symbol": "XBTUSD",
        "side": "Sell",
        "size": 26,
        "price": 6840.5,
        "tickDirection": "ZeroMinusTick",
        "trdMatchID": "4fc36d60-b1cc-9643-f492-eb4e78dc83b4",
        "grossValue": 380094,
        "homeNotional": 0.00380094,
        "foreignNotional": 26
    },
    {
        "timestamp": "2020-04-11T14:25:37.413Z",
        "symbol": "XBTUSD",
        "side": "Sell",
        "size": 2500,
        "price": 6840.5,
        "tickDirection": "ZeroMinusTick",
        "trdMatchID": "ed2284b2-13c0-9ca0-8741-af04f19861b6",
        "grossValue": 36547500,
        "homeNotional": 0.365475,
        "foreignNotional": 2500
    },
    {
        "timestamp": "2020-04-11T14:25:37.413Z",
        "symbol": "XBTUSD",
        "side": "Sell",
        "size": 2000,
        "price": 6840.5,
        "tickDirection": "ZeroMinusTick",
        "trdMatchID": "114a329d-5e0d-0113-b8f5-16b42b1dbe47",
        "grossValue": 29238000,
        "homeNotional": 0.29238,
        "foreignNotional": 2000
    },
    {
        "timestamp": "2020-04-11T14:25:37.413Z",
        "symbol": "XBTUSD",
        "side": "Sell",
        "size": 5000,
        "price": 6840.5,
        "tickDirection": "ZeroMinusTick",
        "trdMatchID": "5eec6fdb-ca9c-2698-0b7c-5e4380f062d7",
        "grossValue": 73095000,
        "homeNotional": 0.73095,
        "foreignNotional": 5000
    },
    {
        "timestamp": "2020-04-11T14:25:37.413Z",
        "symbol": "XBTUSD",
        "side": "Sell",
        "size": 167,
        "price": 6840.5,
        "tickDirection": "ZeroMinusTick",
        "trdMatchID": "8c068eea-c77e-e245-fc09-024e92293e46",
        "grossValue": 2441373,
        "homeNotional": 0.02441373,
        "foreignNotional": 167
    },
    {
        "timestamp": "2020-04-11T14:25:37.413Z",
        "symbol": "XBTUSD",
        "side": "Sell",
        "size": 83,
        "price": 6840.5,
        "tickDirection": "ZeroMinusTick",
        "trdMatchID": "796913de-3037-9c38-f87b-4275a89c0158",
        "grossValue": 1213377,
        "homeNotional": 0.01213377,
        "foreignNotional": 83
    },
    {
        "timestamp": "2020-04-11T14:25:37.413Z",
        "symbol": "XBTUSD",
        "side": "Sell",
        "size": 1000,
        "price": 6840.5,
        "tickDirection": "ZeroMinusTick",
        "trdMatchID": "9aa20054-38ee-aeb2-28ee-c058ed9d8bcb",
        "grossValue": 14619000,
        "homeNotional": 0.14619,
        "foreignNotional": 1000
    },
    {
        "timestamp": "2020-04-11T14:25:37.413Z",
        "symbol": "XBTUSD",
        "side": "Sell",
        "size": 1860,
        "price": 6840.5,
        "tickDirection": "ZeroMinusTick",
        "trdMatchID": "ec0eb22a-da73-8c1f-39d4-82c8a1071d6f",
        "grossValue": 27191340,
        "homeNotional": 0.2719134,
        "foreignNotional": 1860
    },
    {
        "timestamp": "2020-04-11T14:25:37.413Z",
        "symbol": "XBTUSD",
        "side": "Sell",
        "size": 30000,
        "price": 6840.5,
        "tickDirection": "ZeroMinusTick",
        "trdMatchID": "b5e229ad-6472-8246-8455-006dabf0c6dc",
        "grossValue": 438570000,
        "homeNotional": 4.3857,
        "foreignNotional": 30000
    },
    {
        "timestamp": "2020-04-11T14:25:37.413Z",
        "symbol": "XBTUSD",
        "side": "Sell",
        "size": 35,
        "price": 6840.5,
        "tickDirection": "ZeroMinusTick",
        "trdMatchID": "d8f4d026-abbf-5233-afea-874254655256",
        "grossValue": 511665,
        "homeNotional": 0.00511665,
        "foreignNotional": 35
    },
    {
        "timestamp": "2020-04-11T14:25:37.413Z",
        "symbol": "XBTUSD",
        "side": "Sell",
        "size": 20,
        "price": 6840.5,
        "tickDirection": "ZeroMinusTick",
        "trdMatchID": "d257da31-37f9-ca30-4e03-f9bed3a0a67f",
        "grossValue": 292380,
        "homeNotional": 0.0029238,
        "foreignNotional": 20
    },
    {
        "timestamp": "2020-04-11T14:25:37.413Z",
        "symbol": "XBTUSD",
        "side": "Sell",
        "size": 1000,
        "price": 6840.5,
        "tickDirection": "ZeroMinusTick",
        "trdMatchID": "80122f3d-f9fb-f50e-e4d8-01157464d935",
        "grossValue": 14619000,
        "homeNotional": 0.14619,
        "foreignNotional": 1000
    },
    {
        "timestamp": "2020-04-11T14:25:37.413Z",
        "symbol": "XBTUSD",
        "side": "Sell",
        "size": 49322,
        "price": 6840.5,
        "tickDirection": "ZeroMinusTick",
        "trdMatchID": "69a869e4-5391-e7e7-314a-978e3abdc0ee",
        "grossValue": 721038318,
        "homeNotional": 7.21038318,
        "foreignNotional": 49322
    },
    {
        "timestamp": "2020-04-11T14:25:37.177Z",
        "symbol": "XBTUSD",
        "side": "Sell",
        "size": 100,
        "price": 6840.5,
        "tickDirection": "ZeroMinusTick",
        "trdMatchID": "be273da1-67a5-54d3-1ae5-68488de1dea9",
        "grossValue": 1461900,
        "homeNotional": 0.014619,
        "foreignNotional": 100
    },
    {
        "timestamp": "2020-04-11T14:25:36.996Z",
        "symbol": "XBTUSD",
        "side": "Sell",
        "size": 20000,
        "price": 6840.5,
        "tickDirection": "ZeroMinusTick",
        "trdMatchID": "0db80a59-5937-4d26-5dd4-cf3743da8269",
        "grossValue": 292380000,
        "homeNotional": 2.9238,
        "foreignNotional": 20000
    },
    {
        "timestamp": "2020-04-11T14:25:36.795Z",
        "symbol": "XBTUSD",
        "side": "Sell",
        "size": 31,
        "price": 6840.5,
        "tickDirection": "ZeroMinusTick",
        "trdMatchID": "f86cf3d5-c705-76f6-1e56-16eff61e0dfb",
        "grossValue": 453189,
        "homeNotional": 0.00453189,
        "foreignNotional": 31
    },
    {
        "timestamp": "2020-04-11T14:25:36.517Z",
        "symbol": "XBTUSD",
        "side": "Sell",
        "size": 10547,
        "price": 6840.5,
        "tickDirection": "ZeroMinusTick",
        "trdMatchID": "6983c763-24ed-5d66-5717-6e845256dc6a",
        "grossValue": 154186593,
        "homeNotional": 1.54186593,
        "foreignNotional": 10547
    },
    {
        "timestamp": "2020-04-11T14:25:36.517Z",
        "symbol": "XBTUSD",
        "side": "Sell",
        "size": 75,
        "price": 6840.5,
        "tickDirection": "ZeroMinusTick",
        "trdMatchID": "8a20fa52-4e09-cf09-5045-b6a48e8b2ef4",
        "grossValue": 1096425,
        "homeNotional": 0.01096425,
        "foreignNotional": 75
    },
    {
        "timestamp": "2020-04-11T14:25:36.517Z",
        "symbol": "XBTUSD",
        "side": "Sell",
        "size": 29378,
        "price": 6840.5,
        "tickDirection": "ZeroMinusTick",
        "trdMatchID": "df4b9e43-9cd1-bf9d-963d-7b49727c6fac",
        "grossValue": 429476982,
        "homeNotional": 4.29476982,
        "foreignNotional": 29378
    },
    {
        "timestamp": "2020-04-11T14:25:36.347Z",
        "symbol": "XBTUSD",
        "side": "Sell",
        "size": 622,
        "price": 6840.5,
        "tickDirection": "ZeroMinusTick",
        "trdMatchID": "29d17465-6997-9d4f-4240-a030364a891e",
        "grossValue": 9093018,
        "homeNotional": 0.09093018,
        "foreignNotional": 622
    },
    {
        "timestamp": "2020-04-11T14:25:36.347Z",
        "symbol": "XBTUSD",
        "side": "Sell",
        "size": 1000,
        "price": 6840.5,
        "tickDirection": "ZeroMinusTick",
        "trdMatchID": "6f075376-f0ee-8b95-0a4d-c2c8c010edcb",
        "grossValue": 14619000,
        "homeNotional": 0.14619,
        "foreignNotional": 1000
    },
    {
        "timestamp": "2020-04-11T14:25:36.347Z",
        "symbol": "XBTUSD",
        "side": "Sell",
        "size": 1,
        "price": 6840.5,
        "tickDirection": "ZeroMinusTick",
        "trdMatchID": "c9cfc593-0c0d-7098-d294-4bd935f1c0a5",
        "grossValue": 14619,
        "homeNotional": 0.00014619,
        "foreignNotional": 1
    },
    {
        "timestamp": "2020-04-11T14:25:36.347Z",
        "symbol": "XBTUSD",
        "side": "Sell",
        "size": 18,
        "price": 6840.5,
        "tickDirection": "ZeroMinusTick",
        "trdMatchID": "5dafe5d8-0760-e9f4-5a1c-eafd8092214f",
        "grossValue": 263142,
        "homeNotional": 0.00263142,
        "foreignNotional": 18
    },
    {
        "timestamp": "2020-04-11T14:25:36.026Z",
        "symbol": "XBTUSD",
        "side": "Sell",
        "size": 13,
        "price": 6840.5,
        "tickDirection": "ZeroMinusTick",
        "trdMatchID": "18364f62-d494-cd29-1b89-8aac50632e7c",
        "grossValue": 190047,
        "homeNotional": 0.00190047,
        "foreignNotional": 13
    },
    {
        "timestamp": "2020-04-11T14:25:36.026Z",
        "symbol": "XBTUSD",
        "side": "Sell",
        "size": 18,
        "price": 6840.5,
        "tickDirection": "ZeroMinusTick",
        "trdMatchID": "1ba0d2b5-8791-a942-2990-e2cdc86a4cb7",
        "grossValue": 263142,
        "homeNotional": 0.00263142,
        "foreignNotional": 18
    },
    {
        "timestamp": "2020-04-11T14:25:35.789Z",
        "symbol": "XBTUSD",
        "side": "Sell",
        "size": 1,
        "price": 6840.5,
        "tickDirection": "ZeroMinusTick",
        "trdMatchID": "35b6e539-f192-cbd8-5b03-eb3bcc16ae3d",
        "grossValue": 14619,
        "homeNotional": 0.00014619,
        "foreignNotional": 1
    },
    {
        "timestamp": "2020-04-11T14:25:35.789Z",
        "symbol": "XBTUSD",
        "side": "Sell",
        "size": 26,
        "price": 6840.5,
        "tickDirection": "ZeroMinusTick",
        "trdMatchID": "c2695b0a-d83c-10b6-8c30-67b27684f282",
        "grossValue": 380094,
        "homeNotional": 0.00380094,
        "foreignNotional": 26
    },
    {
        "timestamp": "2020-04-11T14:25:35.789Z",
        "symbol": "XBTUSD",
        "side": "Sell",
        "size": 33,
        "price": 6840.5,
        "tickDirection": "MinusTick",
        "trdMatchID": "c0aeb88b-6b54-bbee-6fd3-8369df83667d",
        "grossValue": 482427,
        "homeNotional": 0.00482427,
        "foreignNotional": 33
    },
    {
        "timestamp": "2020-04-11T14:25:35.649Z",
        "symbol": "XBTUSD",
        "side": "Sell",
        "size": 26,
        "price": 6841,
        "tickDirection": "ZeroMinusTick",
        "trdMatchID": "5b03b57b-9a16-5d1a-0c2d-ee65f5617dbd",
        "grossValue": 380068,
        "homeNotional": 0.00380068,
        "foreignNotional": 26
    },
    {
        "timestamp": "2020-04-11T14:25:35.649Z",
        "symbol": "XBTUSD",
        "side": "Sell",
        "size": 24,
        "price": 6841,
        "tickDirection": "ZeroMinusTick",
        "trdMatchID": "1d023f39-d4cb-683b-d4aa-f3fd3b922dfa",
        "grossValue": 350832,
        "homeNotional": 0.00350832,
        "foreignNotional": 24
    },
    {
        "timestamp": "2020-04-11T14:25:35.649Z",
        "symbol": "XBTUSD",
        "side": "Sell",
        "size": 20,
        "price": 6841,
        "tickDirection": "ZeroMinusTick",
        "trdMatchID": "c57b0e8e-94ce-1842-3e28-faeb1dc0d28e",
        "grossValue": 292360,
        "homeNotional": 0.0029236,
        "foreignNotional": 20
    },
    {
        "timestamp": "2020-04-11T14:25:35.649Z",
        "symbol": "XBTUSD",
        "side": "Sell",
        "size": 18,
        "price": 6841,
        "tickDirection": "ZeroMinusTick",
        "trdMatchID": "11795041-0eb6-bb54-a0d9-8b1500f4cf35",
        "grossValue": 263124,
        "homeNotional": 0.00263124,
        "foreignNotional": 18
    },
    {
        "timestamp": "2020-04-11T14:25:35.649Z",
        "symbol": "XBTUSD",
        "side": "Sell",
        "size": 10000,
        "price": 6841,
        "tickDirection": "ZeroMinusTick",
        "trdMatchID": "23d9b6b0-fd9f-6c57-b368-fbfee1d543f6",
        "grossValue": 146180000,
        "homeNotional": 1.4618,
        "foreignNotional": 10000
    },
    {
        "timestamp": "2020-04-11T14:25:35.649Z",
        "symbol": "XBTUSD",
        "side": "Sell",
        "size": 211,
        "price": 6841,
        "tickDirection": "ZeroMinusTick",
        "trdMatchID": "852e2730-afec-bd27-76dd-afb7e1b931dd",
        "grossValue": 3084398,
        "homeNotional": 0.03084398,
        "foreignNotional": 211
    },
    {
        "timestamp": "2020-04-11T14:25:35.649Z",
        "symbol": "XBTUSD",
        "side": "Sell",
        "size": 30000,
        "price": 6841,
        "tickDirection": "ZeroMinusTick",
        "trdMatchID": "f77438d3-1956-0196-f0dd-8f8da51245d4",
        "grossValue": 438540000,
        "homeNotional": 4.3854,
        "foreignNotional": 30000
    },
    {
        "timestamp": "2020-04-11T14:25:35.649Z",
        "symbol": "XBTUSD",
        "side": "Sell",
        "size": 69,
        "price": 6841,
        "tickDirection": "ZeroMinusTick",
        "trdMatchID": "7c5f079c-b2d7-5542-d92d-e15c0ee5b4cd",
        "grossValue": 1008642,
        "homeNotional": 0.01008642,
        "foreignNotional": 69
    },
    {
        "timestamp": "2020-04-11T14:25:35.649Z",
        "symbol": "XBTUSD",
        "side": "Sell",
        "size": 5000,
        "price": 6841,
        "tickDirection": "ZeroMinusTick",
        "trdMatchID": "327a9c9a-3815-3994-1013-9832d45af593",
        "grossValue": 73090000,
        "homeNotional": 0.7309,
        "foreignNotional": 5000
    },
    {
        "timestamp": "2020-04-11T14:25:35.649Z",
        "symbol": "XBTUSD",
        "side": "Sell",
        "size": 1,
        "price": 6841,
        "tickDirection": "ZeroMinusTick",
        "trdMatchID": "39453256-f347-95aa-f300-bcf7b3d155bc",
        "grossValue": 14618,
        "homeNotional": 0.00014618,
        "foreignNotional": 1
    },
    {
        "timestamp": "2020-04-11T14:25:35.649Z",
        "symbol": "XBTUSD",
        "side": "Sell",
        "size": 20000,
        "price": 6841,
        "tickDirection": "ZeroMinusTick",
        "trdMatchID": "abe175cb-aa75-7d63-1b7f-0a91c13a3955",
        "grossValue": 292360000,
        "homeNotional": 2.9236,
        "foreignNotional": 20000
    },
    {
        "timestamp": "2020-04-11T14:25:35.649Z",
        "symbol": "XBTUSD",
        "side": "Sell",
        "size": 256,
        "price": 6841,
        "tickDirection": "ZeroMinusTick",
        "trdMatchID": "92b9ba69-fa02-e531-187d-918251a89e39",
        "grossValue": 3742208,
        "homeNotional": 0.03742208,
        "foreignNotional": 256
    },
    {
        "timestamp": "2020-04-11T14:25:35.649Z",
        "symbol": "XBTUSD",
        "side": "Sell",
        "size": 83,
        "price": 6841,
        "tickDirection": "ZeroMinusTick",
        "trdMatchID": "e678be10-f6e1-a5d4-1402-1e11505c425d",
        "grossValue": 1213294,
        "homeNotional": 0.01213294,
        "foreignNotional": 83
    },
    {
        "timestamp": "2020-04-11T14:25:35.649Z",
        "symbol": "XBTUSD",
        "side": "Sell",
        "size": 200,
        "price": 6841,
        "tickDirection": "ZeroMinusTick",
        "trdMatchID": "62104342-dd1c-7cf0-9077-3c88edc44428",
        "grossValue": 2923600,
        "homeNotional": 0.029236,
        "foreignNotional": 200
    },
    {
        "timestamp": "2020-04-11T14:25:35.649Z",
        "symbol": "XBTUSD",
        "side": "Sell",
        "size": 1,
        "price": 6841,
        "tickDirection": "ZeroMinusTick",
        "trdMatchID": "83de3da2-3e7b-be67-7db4-73c8e9b6b021",
        "grossValue": 14618,
        "homeNotional": 0.00014618,
        "foreignNotional": 1
    },
    {
        "timestamp": "2020-04-11T14:25:35.649Z",
        "symbol": "XBTUSD",
        "side": "Sell",
        "size": 50000,
        "price": 6841,
        "tickDirection": "ZeroMinusTick",
        "trdMatchID": "354d0804-32d8-a54d-d450-f3aaa17577f9",
        "grossValue": 730900000,
        "homeNotional": 7.309,
        "foreignNotional": 50000
    },
    {
        "timestamp": "2020-04-11T14:25:35.649Z",
        "symbol": "XBTUSD",
        "side": "Sell",
        "size": 28,
        "price": 6841,
        "tickDirection": "ZeroMinusTick",
        "trdMatchID": "766b3719-a11b-3961-d4c5-9afed6d10144",
        "grossValue": 409304,
        "homeNotional": 0.00409304,
        "foreignNotional": 28
    },
    {
        "timestamp": "2020-04-11T14:25:35.649Z",
        "symbol": "XBTUSD",
        "side": "Sell",
        "size": 228,
        "price": 6841,
        "tickDirection": "ZeroMinusTick",
        "trdMatchID": "26352918-0a46-d80a-b9ad-39000cf37f2d",
        "grossValue": 3332904,
        "homeNotional": 0.03332904,
        "foreignNotional": 228
    },
    {
        "timestamp": "2020-04-11T14:25:35.649Z",
        "symbol": "XBTUSD",
        "side": "Sell",
        "size": 69,
        "price": 6841,
        "tickDirection": "ZeroMinusTick",
        "trdMatchID": "70e528eb-1363-fa24-f466-314f76fff51f",
        "grossValue": 1008642,
        "homeNotional": 0.01008642,
        "foreignNotional": 69
    },
    {
        "timestamp": "2020-04-11T14:25:35.649Z",
        "symbol": "XBTUSD",
        "side": "Sell",
        "size": 11,
        "price": 6841,
        "tickDirection": "ZeroMinusTick",
        "trdMatchID": "7d3e07bc-87ce-9696-5985-978d893ae157",
        "grossValue": 160798,
        "homeNotional": 0.00160798,
        "foreignNotional": 11
    },
    {
        "timestamp": "2020-04-11T14:25:35.649Z",
        "symbol": "XBTUSD",
        "side": "Sell",
        "size": 20,
        "price": 6841,
        "tickDirection": "ZeroMinusTick",
        "trdMatchID": "f5270b16-23a7-33c4-e9d7-5a35b75c97f0",
        "grossValue": 292360,
        "homeNotional": 0.0029236,
        "foreignNotional": 20
    },
    {
        "timestamp": "2020-04-11T14:25:35.649Z",
        "symbol": "XBTUSD",
        "side": "Sell",
        "size": 30,
        "price": 6841,
        "tickDirection": "MinusTick",
        "trdMatchID": "107676f9-9354-aa3f-5dc0-73494aa215f4",
        "grossValue": 438540,
        "homeNotional": 0.0043854,
        "foreignNotional": 30
    },
    {
        "timestamp": "2020-04-11T14:25:35.649Z",
        "symbol": "XBTUSD",
        "side": "Sell",
        "size": 960,
        "price": 6841.5,
        "tickDirection": "ZeroMinusTick",
        "trdMatchID": "d8f2c2ed-a818-72f3-33e7-e07fb53834fc",
        "grossValue": 14032320,
        "homeNotional": 0.1403232,
        "foreignNotional": 960
    },
    {
        "timestamp": "2020-04-11T14:25:35.649Z",
        "symbol": "XBTUSD",
        "side": "Sell",
        "size": 50,
        "price": 6841.5,
        "tickDirection": "ZeroMinusTick",
        "trdMatchID": "1e16452b-af58-e815-c396-91944b87d48b",
        "grossValue": 730850,
        "homeNotional": 0.0073085,
        "foreignNotional": 50
    },
    {
        "timestamp": "2020-04-11T14:25:35.649Z",
        "symbol": "XBTUSD",
        "side": "Sell",
        "size": 100,
        "price": 6841.5,
        "tickDirection": "ZeroMinusTick",
        "trdMatchID": "ad4e7803-c2f5-3401-3bee-49c0efd79eee",
        "grossValue": 1461700,
        "homeNotional": 0.014617,
        "foreignNotional": 100
    },
    {
        "timestamp": "2020-04-11T14:25:35.649Z",
        "symbol": "XBTUSD",
        "side": "Sell",
        "size": 200,
        "price": 6841.5,
        "tickDirection": "ZeroMinusTick",
        "trdMatchID": "a86fa138-d9e2-7320-7a58-1d1f6e403325",
        "grossValue": 2923400,
        "homeNotional": 0.029234,
        "foreignNotional": 200
    },
    {
        "timestamp": "2020-04-11T14:25:35.649Z",
        "symbol": "XBTUSD",
        "side": "Sell",
        "size": 111,
        "price": 6841.5,
        "tickDirection": "ZeroMinusTick",
        "trdMatchID": "795a29b2-d996-cc51-a992-2cb13e343099",
        "grossValue": 1622487,
        "homeNotional": 0.01622487,
        "foreignNotional": 111
    },
    {
        "timestamp": "2020-04-11T14:25:35.649Z",
        "symbol": "XBTUSD",
        "side": "Sell",
        "size": 10000,
        "price": 6841.5,
        "tickDirection": "ZeroMinusTick",
        "trdMatchID": "083016cd-d743-3be3-610a-e3d6f2d64953",
        "grossValue": 146170000,
        "homeNotional": 1.4617,
        "foreignNotional": 10000
    },
    {
        "timestamp": "2020-04-11T14:25:35.649Z",
        "symbol": "XBTUSD",
        "side": "Sell",
        "size": 80,
        "price": 6841.5,
        "tickDirection": "ZeroMinusTick",
        "trdMatchID": "26f2c382-f451-0390-c296-fe0a223f6bb3",
        "grossValue": 1169360,
        "homeNotional": 0.0116936,
        "foreignNotional": 80
    },
    {
        "timestamp": "2020-04-11T14:25:35.649Z",
        "symbol": "XBTUSD",
        "side": "Sell",
        "size": 5024,
        "price": 6841.5,
        "tickDirection": "ZeroMinusTick",
        "trdMatchID": "f922a1a4-e92f-1a9e-6bb8-88d598f0f76d",
        "grossValue": 73435808,
        "homeNotional": 0.73435808,
        "foreignNotional": 5024
    },
    {
        "timestamp": "2020-04-11T14:25:34.965Z",
        "symbol": "XBTUSD",
        "side": "Sell",
        "size": 660,
        "price": 6841.5,
        "tickDirection": "ZeroMinusTick",
        "trdMatchID": "5a3cd978-6a99-931e-b3fd-777e12640ee0",
        "grossValue": 9647220,
        "homeNotional": 0.0964722,
        "foreignNotional": 660
    },
    {
        "timestamp": "2020-04-11T14:25:34.560Z",
        "symbol": "XBTUSD",
        "side": "Sell",
        "size": 31,
        "price": 6841.5,
        "tickDirection": "ZeroMinusTick",
        "trdMatchID": "b7651ae3-b4fa-c30f-2fac-17a78bed5381",
        "grossValue": 453127,
        "homeNotional": 0.00453127,
        "foreignNotional": 31
    },
    {
        "timestamp": "2020-04-11T14:25:34.556Z",
        "symbol": "XBTUSD",
        "side": "Sell",
        "size": 5000,
        "price": 6841.5,
        "tickDirection": "ZeroMinusTick",
        "trdMatchID": "c45b2c8d-d279-de0d-d496-b1dfb53b6b57",
        "grossValue": 73085000,
        "homeNotional": 0.73085,
        "foreignNotional": 5000
    },
    {
        "timestamp": "2020-04-11T14:25:33.491Z",
        "symbol": "XBTUSD",
        "side": "Sell",
        "size": 1071,
        "price": 6841.5,
        "tickDirection": "ZeroMinusTick",
        "trdMatchID": "21e40ccc-0a83-2a74-c8ed-54b87d22fb1b",
        "grossValue": 15654807,
        "homeNotional": 0.15654807,
        "foreignNotional": 1071
    },
    {
        "timestamp": "2020-04-11T14:25:33.345Z",
        "symbol": "XBTUSD",
        "side": "Sell",
        "size": 556,
        "price": 6841.5,
        "tickDirection": "ZeroMinusTick",
        "trdMatchID": "50fe395c-6596-0273-69e3-d87f1ef07830",
        "grossValue": 8127052,
        "homeNotional": 0.08127052,
        "foreignNotional": 556
    },
    {
        "timestamp": "2020-04-11T14:25:33.345Z",
        "symbol": "XBTUSD",
        "side": "Sell",
        "size": 811,
        "price": 6841.5,
        "tickDirection": "ZeroMinusTick",
        "trdMatchID": "7006154e-73e6-e715-b477-cb178bdf9efe",
        "grossValue": 11854387,
        "homeNotional": 0.11854387,
        "foreignNotional": 811
    },
    {
        "timestamp": "2020-04-11T14:25:32.797Z",
        "symbol": "XBTUSD",
        "side": "Sell",
        "size": 4189,
        "price": 6841.5,
        "tickDirection": "ZeroMinusTick",
        "trdMatchID": "b1ba3df5-edd3-1333-563b-222d1549c2bf",
        "grossValue": 61230613,
        "homeNotional": 0.61230613,
        "foreignNotional": 4189
    },
    {
        "timestamp": "2020-04-11T14:25:32.797Z",
        "symbol": "XBTUSD",
        "side": "Sell",
        "size": 1000,
        "price": 6841.5,
        "tickDirection": "ZeroMinusTick",
        "trdMatchID": "7c074acc-1c6d-7378-cec2-688a57529a88",
        "grossValue": 14617000,
        "homeNotional": 0.14617,
        "foreignNotional": 1000
    },
    {
        "timestamp": "2020-04-11T14:25:32.797Z",
        "symbol": "XBTUSD",
        "side": "Sell",
        "size": 2112,
        "price": 6841.5,
        "tickDirection": "ZeroMinusTick",
        "trdMatchID": "3d5e1b98-4a2c-4597-022d-1a31caa8ff18",
        "grossValue": 30871104,
        "homeNotional": 0.30871104,
        "foreignNotional": 2112
    },
    {
        "timestamp": "2020-04-11T14:25:32.797Z",
        "symbol": "XBTUSD",
        "side": "Sell",
        "size": 200,
        "price": 6841.5,
        "tickDirection": "ZeroMinusTick",
        "trdMatchID": "2904d5d8-da9e-c40c-4441-b5f6e1287007",
        "grossValue": 2923400,
        "homeNotional": 0.029234,
        "foreignNotional": 200
    },
    {
        "timestamp": "2020-04-11T14:25:32.797Z",
        "symbol": "XBTUSD",
        "side": "Sell",
        "size": 236,
        "price": 6841.5,
        "tickDirection": "ZeroMinusTick",
        "trdMatchID": "d0cc88be-f9ec-b3d1-105c-e51d16663889",
        "grossValue": 3449612,
        "homeNotional": 0.03449612,
        "foreignNotional": 236
    },
    {
        "timestamp": "2020-04-11T14:25:32.797Z",
        "symbol": "XBTUSD",
        "side": "Sell",
        "size": 18,
        "price": 6841.5,
        "tickDirection": "ZeroMinusTick",
        "trdMatchID": "1c620ac2-597f-418b-c23c-1e1b9a2bdc4d",
        "grossValue": 263106,
        "homeNotional": 0.00263106,
        "foreignNotional": 18
    },
    {
        "timestamp": "2020-04-11T14:25:32.797Z",
        "symbol": "XBTUSD",
        "side": "Sell",
        "size": 80,
        "price": 6841.5,
        "tickDirection": "ZeroMinusTick",
        "trdMatchID": "3da39694-54c1-c2ba-158f-630da9a9f596",
        "grossValue": 1169360,
        "homeNotional": 0.0116936,
        "foreignNotional": 80
    },
    {
        "timestamp": "2020-04-11T14:25:32.797Z",
        "symbol": "XBTUSD",
        "side": "Sell",
        "size": 1,
        "price": 6841.5,
        "tickDirection": "ZeroMinusTick",
        "trdMatchID": "f2689641-e916-6d94-a3fb-b4553a3b8eba",
        "grossValue": 14617,
        "homeNotional": 0.00014617,
        "foreignNotional": 1
    },
    {
        "timestamp": "2020-04-11T14:25:32.797Z",
        "symbol": "XBTUSD",
        "side": "Sell",
        "size": 1000,
        "price": 6841.5,
        "tickDirection": "ZeroMinusTick",
        "trdMatchID": "2ca9f653-af2a-d70b-275f-8cfae971198a",
        "grossValue": 14617000,
        "homeNotional": 0.14617,
        "foreignNotional": 1000
    },
    {
        "timestamp": "2020-04-11T14:25:32.797Z",
        "symbol": "XBTUSD",
        "side": "Sell",
        "size": 5000,
        "price": 6841.5,
        "tickDirection": "ZeroMinusTick",
        "trdMatchID": "f9bf7d6a-3e53-8a3d-1a2c-ac19fdfa436a",
        "grossValue": 73085000,
        "homeNotional": 0.73085,
        "foreignNotional": 5000
    },
    {
        "timestamp": "2020-04-11T14:25:32.797Z",
        "symbol": "XBTUSD",
        "side": "Sell",
        "size": 500,
        "price": 6841.5,
        "tickDirection": "ZeroMinusTick",
        "trdMatchID": "36987e93-7a59-4589-ee7b-8070f3e6ef71",
        "grossValue": 7308500,
        "homeNotional": 0.073085,
        "foreignNotional": 500
    },
    {
        "timestamp": "2020-04-11T14:25:32.797Z",
        "symbol": "XBTUSD",
        "side": "Sell",
        "size": 57,
        "price": 6841.5,
        "tickDirection": "ZeroMinusTick",
        "trdMatchID": "9a04a8da-68b5-b0a9-c321-8814c310814b",
        "grossValue": 833169,
        "homeNotional": 0.00833169,
        "foreignNotional": 57
    },
    {
        "timestamp": "2020-04-11T14:25:32.797Z",
        "symbol": "XBTUSD",
        "side": "Sell",
        "size": 1070,
        "price": 6841.5,
        "tickDirection": "ZeroMinusTick",
        "trdMatchID": "fc5dd64b-f671-b4c6-b0fa-9bea4c96a9d9",
        "grossValue": 15640190,
        "homeNotional": 0.1564019,
        "foreignNotional": 1070
    },
    {
        "timestamp": "2020-04-11T14:25:32.797Z",
        "symbol": "XBTUSD",
        "side": "Sell",
        "size": 15059,
        "price": 6841.5,
        "tickDirection": "ZeroMinusTick",
        "trdMatchID": "c6c70e34-e2b5-8b6c-7ed9-60d2549d9a86",
        "grossValue": 220117403,
        "homeNotional": 2.20117403,
        "foreignNotional": 15059
    },
    {
        "timestamp": "2020-04-11T14:25:32.797Z",
        "symbol": "XBTUSD",
        "side": "Sell",
        "size": 370,
        "price": 6841.5,
        "tickDirection": "ZeroMinusTick",
        "trdMatchID": "7018ffb2-3e58-a34a-168e-d4b11c830e5a",
        "grossValue": 5408290,
        "homeNotional": 0.0540829,
        "foreignNotional": 370
    },
    {
        "timestamp": "2020-04-11T14:25:32.797Z",
        "symbol": "XBTUSD",
        "side": "Sell",
        "size": 31,
        "price": 6841.5,
        "tickDirection": "ZeroMinusTick",
        "trdMatchID": "86d8ebce-367b-719c-5880-122f574da2c6",
        "grossValue": 453127,
        "homeNotional": 0.00453127,
        "foreignNotional": 31
    },
    {
        "timestamp": "2020-04-11T14:25:32.797Z",
        "symbol": "XBTUSD",
        "side": "Sell",
        "size": 77,
        "price": 6841.5,
        "tickDirection": "ZeroMinusTick",
        "trdMatchID": "3873ebb8-dc8f-fb43-653c-437a13a5d4fb",
        "grossValue": 1125509,
        "homeNotional": 0.01125509,
        "foreignNotional": 77
    },
    {
        "timestamp": "2020-04-11T14:25:32.438Z",
        "symbol": "XBTUSD",
        "side": "Sell",
        "size": 8341,
        "price": 6841.5,
        "tickDirection": "ZeroMinusTick",
        "trdMatchID": "f70b6db2-cd4a-40a3-5971-e6595bd66d9b",
        "grossValue": 121920397,
        "homeNotional": 1.21920397,
        "foreignNotional": 8341
    },
    {
        "timestamp": "2020-04-11T14:25:32.438Z",
        "symbol": "XBTUSD",
        "side": "Sell",
        "size": 50,
        "price": 6841.5,
        "tickDirection": "ZeroMinusTick",
        "trdMatchID": "792d3da0-a562-2274-0dfe-561c270dc940",
        "grossValue": 730850,
        "homeNotional": 0.0073085,
        "foreignNotional": 50
    },
    {
        "timestamp": "2020-04-11T14:25:32.438Z",
        "symbol": "XBTUSD",
        "side": "Sell",
        "size": 1,
        "price": 6841.5,
        "tickDirection": "ZeroMinusTick",
        "trdMatchID": "1b99825b-ae7f-f00b-6da4-0f192153e3bd",
        "grossValue": 14617,
        "homeNotional": 0.00014617,
        "foreignNotional": 1
    },
    {
        "timestamp": "2020-04-11T14:25:32.438Z",
        "symbol": "XBTUSD",
        "side": "Sell",
        "size": 41608,
        "price": 6841.5,
        "tickDirection": "MinusTick",
        "trdMatchID": "25ab196d-d39b-c3e4-f192-85c11cfc98b0",
        "grossValue": 608184136,
        "homeNotional": 6.08184136,
        "foreignNotional": 41608
    },
    {
        "timestamp": "2020-04-11T14:25:31.421Z",
        "symbol": "XBTUSD",
        "side": "Buy",
        "size": 2000,
        "price": 6842,
        "tickDirection": "ZeroPlusTick",
        "trdMatchID": "a92ad6e0-fdc6-1fdb-c768-8bced75e9e62",
        "grossValue": 29232000,
        "homeNotional": 0.29232,
        "foreignNotional": 2000
    },
    {
        "timestamp": "2020-04-11T14:25:31.075Z",
        "symbol": "XBTUSD",
        "side": "Buy",
        "size": 10,
        "price": 6842,
        "tickDirection": "PlusTick",
        "trdMatchID": "3c0ee726-261d-96f4-c983-77c7d12cc749",
        "grossValue": 146160,
        "homeNotional": 0.0014616,
        "foreignNotional": 10
    },
    {
        "timestamp": "2020-04-11T14:25:30.679Z",
        "symbol": "XBTUSD",
        "side": "Sell",
        "size": 2413,
        "price": 6841.5,
        "tickDirection": "ZeroMinusTick",
        "trdMatchID": "35ebca5f-1342-9832-8a18-61764679533a",
        "grossValue": 35270821,
        "homeNotional": 0.35270821,
        "foreignNotional": 2413
    },
    {
        "timestamp": "2020-04-11T14:25:30.679Z",
        "symbol": "XBTUSD",
        "side": "Sell",
        "size": 7587,
        "price": 6841.5,
        "tickDirection": "ZeroMinusTick",
        "trdMatchID": "5813bff3-a261-23d2-f0d3-da69d0f5f480",
        "grossValue": 110899179,
        "homeNotional": 1.10899179,
        "foreignNotional": 7587
    },
    {
        "timestamp": "2020-04-11T14:25:23.780Z",
        "symbol": "XBTUSD",
        "side": "Sell",
        "size": 1200,
        "price": 6841.5,
        "tickDirection": "MinusTick",
        "trdMatchID": "3b25ea46-36c6-b01b-19bf-318340c4b76e",
        "grossValue": 17540400,
        "homeNotional": 0.175404,
        "foreignNotional": 1200
    },
    {
        "timestamp": "2020-04-11T14:25:22.043Z",
        "symbol": "XBTUSD",
        "side": "Buy",
        "size": 3500,
        "price": 6842,
        "tickDirection": "ZeroPlusTick",
        "trdMatchID": "12e6e847-59e9-1537-0081-2d9017908791",
        "grossValue": 51156000,
        "homeNotional": 0.51156,
        "foreignNotional": 3500
    },
    {
        "timestamp": "2020-04-11T14:25:21.658Z",
        "symbol": "XBTUSD",
        "side": "Buy",
        "size": 1000,
        "price": 6842,
        "tickDirection": "ZeroPlusTick",
        "trdMatchID": "4bf43115-a0fa-9f82-1855-2b0f566c52b2",
        "grossValue": 14616000,
        "homeNotional": 0.14616,
        "foreignNotional": 1000
    },
    {
        "timestamp": "2020-04-11T14:25:20.915Z",
        "symbol": "XBTUSD",
        "side": "Buy",
        "size": 136,
        "price": 6842,
        "tickDirection": "ZeroPlusTick",
        "trdMatchID": "6517fff4-7e30-2630-cda1-caa961ab035f",
        "grossValue": 1987776,
        "homeNotional": 0.01987776,
        "foreignNotional": 136
    },
    {
        "timestamp": "2020-04-11T14:25:20.849Z",
        "symbol": "XBTUSD",
        "side": "Buy",
        "size": 54,
        "price": 6842,
        "tickDirection": "PlusTick",
        "trdMatchID": "d9f46de4-eeea-1735-9fc1-4a37363c4d6b",
        "grossValue": 789264,
        "homeNotional": 0.00789264,
        "foreignNotional": 54
    },
    {
        "timestamp": "2020-04-11T14:25:20.840Z",
        "symbol": "XBTUSD",
        "side": "Sell",
        "size": 300,
        "price": 6841.5,
        "tickDirection": "ZeroMinusTick",
        "trdMatchID": "2aff04fe-fe3f-0c8a-75b9-36ee23040562",
        "grossValue": 4385100,
        "homeNotional": 0.043851,
        "foreignNotional": 300
    },
    {
        "timestamp": "2020-04-11T14:25:19.498Z",
        "symbol": "XBTUSD",
        "side": "Sell",
        "size": 1641,
        "price": 6841.5,
        "tickDirection": "MinusTick",
        "trdMatchID": "800a269b-fa73-2164-029d-0ef97abc393f",
        "grossValue": 23986497,
        "homeNotional": 0.23986497,
        "foreignNotional": 1641
    },
    {
        "timestamp": "2020-04-11T14:25:18.181Z",
        "symbol": "XBTUSD",
        "side": "Buy",
        "size": 1,
        "price": 6842,
        "tickDirection": "PlusTick",
        "trdMatchID": "d6bad9dc-a52a-9c0d-e1a4-91d10618268c",
        "grossValue": 14616,
        "homeNotional": 0.00014616,
        "foreignNotional": 1
    },
    {
        "timestamp": "2020-04-11T14:25:17.321Z",
        "symbol": "XBTUSD",
        "side": "Sell",
        "size": 3600,
        "price": 6841.5,
        "tickDirection": "MinusTick",
        "trdMatchID": "c560df47-d343-8d28-84fe-601ae0b340e8",
        "grossValue": 52621200,
        "homeNotional": 0.526212,
        "foreignNotional": 3600
    },
    {
        "timestamp": "2020-04-11T14:25:16.422Z",
        "symbol": "XBTUSD",
        "side": "Buy",
        "size": 50,
        "price": 6842,
        "tickDirection": "PlusTick",
        "trdMatchID": "ea90f940-ad50-0217-ddab-79b438399b22",
        "grossValue": 730800,
        "homeNotional": 0.007308,
        "foreignNotional": 50
    },
    {
        "timestamp": "2020-04-11T14:25:16.343Z",
        "symbol": "XBTUSD",
        "side": "Sell",
        "size": 12,
        "price": 6841.5,
        "tickDirection": "ZeroMinusTick",
        "trdMatchID": "576b63ce-a15f-7d88-cb05-b1bfb46b977c",
        "grossValue": 175404,
        "homeNotional": 0.00175404,
        "foreignNotional": 12
    },
    {
        "timestamp": "2020-04-11T14:25:14.090Z",
        "symbol": "XBTUSD",
        "side": "Sell",
        "size": 200,
        "price": 6841.5,
        "tickDirection": "MinusTick",
        "trdMatchID": "6417ec73-fcb1-c686-2c8d-9ae8a2563053",
        "grossValue": 2923400,
        "homeNotional": 0.029234,
        "foreignNotional": 200
    },
    {
        "timestamp": "2020-04-11T14:25:08.920Z",
        "symbol": "XBTUSD",
        "side": "Buy",
        "size": 177,
        "price": 6842,
        "tickDirection": "PlusTick",
        "trdMatchID": "99cbc4b0-aeb3-200a-4bf2-d78ac96ae5e7",
        "grossValue": 2587032,
        "homeNotional": 0.02587032,
        "foreignNotional": 177
    },
    {
        "timestamp": "2020-04-11T14:25:04.203Z",
        "symbol": "XBTUSD",
        "side": "Sell",
        "size": 600,
        "price": 6841.5,
        "tickDirection": "MinusTick",
        "trdMatchID": "6f0c287a-2a3d-a5cf-8a9c-953fecb73f59",
        "grossValue": 8770200,
        "homeNotional": 0.087702,
        "foreignNotional": 600
    },
    {
        "timestamp": "2020-04-11T14:25:04.184Z",
        "symbol": "XBTUSD",
        "side": "Buy",
        "size": 1000,
        "price": 6842,
        "tickDirection": "ZeroPlusTick",
        "trdMatchID": "bcf54095-1936-bbaf-4e01-e4973ccba5ef",
        "grossValue": 14616000,
        "homeNotional": 0.14616,
        "foreignNotional": 1000
    },
    {
        "timestamp": "2020-04-11T14:25:03.772Z",
        "symbol": "XBTUSD",
        "side": "Buy",
        "size": 6254,
        "price": 6842,
        "tickDirection": "ZeroPlusTick",
        "trdMatchID": "f2e04c0b-fb79-8e76-38fe-9d8600e345c9",
        "grossValue": 91408464,
        "homeNotional": 0.91408464,
        "foreignNotional": 6254
    },
    {
        "timestamp": "2020-04-11T14:25:03.772Z",
        "symbol": "XBTUSD",
        "side": "Buy",
        "size": 2000,
        "price": 6842,
        "tickDirection": "ZeroPlusTick",
        "trdMatchID": "c31d3801-05c4-1942-bca7-f12c96082224",
        "grossValue": 29232000,
        "homeNotional": 0.29232,
        "foreignNotional": 2000
    },
    {
        "timestamp": "2020-04-11T14:25:03.772Z",
        "symbol": "XBTUSD",
        "side": "Buy",
        "size": 25,
        "price": 6842,
        "tickDirection": "ZeroPlusTick",
        "trdMatchID": "13dbd9c1-78e7-8404-ab61-7e8703873a75",
        "grossValue": 365400,
        "homeNotional": 0.003654,
        "foreignNotional": 25
    },
    {
        "timestamp": "2020-04-11T14:25:03.772Z",
        "symbol": "XBTUSD",
        "side": "Buy",
        "size": 50,
        "price": 6842,
        "tickDirection": "ZeroPlusTick",
        "trdMatchID": "57ce5ccb-df7d-e837-5c88-dfe052e700cb",
        "grossValue": 730800,
        "homeNotional": 0.007308,
        "foreignNotional": 50
    },
    {
        "timestamp": "2020-04-11T14:25:03.772Z",
        "symbol": "XBTUSD",
        "side": "Buy",
        "size": 40,
        "price": 6842,
        "tickDirection": "ZeroPlusTick",
        "trdMatchID": "586c379e-5911-93da-92df-8aaf63cee61a",
        "grossValue": 584640,
        "homeNotional": 0.0058464,
        "foreignNotional": 40
    },
    {
        "timestamp": "2020-04-11T14:25:03.772Z",
        "symbol": "XBTUSD",
        "side": "Buy",
        "size": 1,
        "price": 6842,
        "tickDirection": "ZeroPlusTick",
        "trdMatchID": "80e7d214-8b5f-c6fc-051d-f418ce89ab0a",
        "grossValue": 14616,
        "homeNotional": 0.00014616,
        "foreignNotional": 1
    },
    {
        "timestamp": "2020-04-11T14:25:03.772Z",
        "symbol": "XBTUSD",
        "side": "Buy",
        "size": 13228,
        "price": 6842,
        "tickDirection": "ZeroPlusTick",
        "trdMatchID": "872d2b49-492c-c0bd-51d9-06fd791b7f92",
        "grossValue": 193340448,
        "homeNotional": 1.93340448,
        "foreignNotional": 13228
    },
    {
        "timestamp": "2020-04-11T14:25:03.772Z",
        "symbol": "XBTUSD",
        "side": "Buy",
        "size": 1,
        "price": 6842,
        "tickDirection": "ZeroPlusTick",
        "trdMatchID": "ba3c8c72-eae6-9f0e-cd35-d5af7c1d9cf6",
        "grossValue": 14616,
        "homeNotional": 0.00014616,
        "foreignNotional": 1
    },
    {
        "timestamp": "2020-04-11T14:25:03.772Z",
        "symbol": "XBTUSD",
        "side": "Buy",
        "size": 22,
        "price": 6842,
        "tickDirection": "ZeroPlusTick",
        "trdMatchID": "fee94691-f7b1-561e-7467-3923213d7e93",
        "grossValue": 321552,
        "homeNotional": 0.00321552,
        "foreignNotional": 22
    },
    {
        "timestamp": "2020-04-11T14:25:03.772Z",
        "symbol": "XBTUSD",
        "side": "Buy",
        "size": 27,
        "price": 6842,
        "tickDirection": "ZeroPlusTick",
        "trdMatchID": "386c8885-242a-c28f-f920-e561636f0548",
        "grossValue": 394632,
        "homeNotional": 0.00394632,
        "foreignNotional": 27
    },
    {
        "timestamp": "2020-04-11T14:25:03.772Z",
        "symbol": "XBTUSD",
        "side": "Buy",
        "size": 2,
        "price": 6842,
        "tickDirection": "ZeroPlusTick",
        "trdMatchID": "658fb43e-ed73-c20a-722f-f1ac771fea84",
        "grossValue": 29232,
        "homeNotional": 0.00029232,
        "foreignNotional": 2
    },
    {
        "timestamp": "2020-04-11T14:25:03.772Z",
        "symbol": "XBTUSD",
        "side": "Buy",
        "size": 8362,
        "price": 6842,
        "tickDirection": "ZeroPlusTick",
        "trdMatchID": "b3891883-0102-0448-220c-97132d178f21",
        "grossValue": 122218992,
        "homeNotional": 1.22218992,
        "foreignNotional": 8362
    },
    {
        "timestamp": "2020-04-11T14:25:03.459Z",
        "symbol": "XBTUSD",
        "side": "Buy",
        "size": 750,
        "price": 6842,
        "tickDirection": "ZeroPlusTick",
        "trdMatchID": "99c43040-b855-4490-7f4f-19903ba9a27b",
        "grossValue": 10962000,
        "homeNotional": 0.10962,
        "foreignNotional": 750
    },
    {
        "timestamp": "2020-04-11T14:25:03.356Z",
        "symbol": "XBTUSD",
        "side": "Buy",
        "size": 8000,
        "price": 6842,
        "tickDirection": "ZeroPlusTick",
        "trdMatchID": "cde36faf-7e4c-9eba-f199-c4cd5216a90e",
        "grossValue": 116928000,
        "homeNotional": 1.16928,
        "foreignNotional": 8000
    },
    {
        "timestamp": "2020-04-11T14:25:01.853Z",
        "symbol": "XBTUSD",
        "side": "Buy",
        "size": 2,
        "price": 6842,
        "tickDirection": "ZeroPlusTick",
        "trdMatchID": "14952899-552d-0e8b-8291-233f1311cce3",
        "grossValue": 29232,
        "homeNotional": 0.00029232,
        "foreignNotional": 2
    },
    {
        "timestamp": "2020-04-11T14:25:00.432Z",
        "symbol": "XBTUSD",
        "side": "Buy",
        "size": 82,
        "price": 6842,
        "tickDirection": "ZeroPlusTick",
        "trdMatchID": "9cadeeb6-301a-a86f-af7e-19b3e1773dc4",
        "grossValue": 1198512,
        "homeNotional": 0.01198512,
        "foreignNotional": 82
    },
    {
        "timestamp": "2020-04-11T14:25:00.426Z",
        "symbol": "XBTUSD",
        "side": "Buy",
        "size": 17,
        "price": 6842,
        "tickDirection": "PlusTick",
        "trdMatchID": "7bd6ebc5-96aa-70a0-c88d-953d5a2d9e6c",
        "grossValue": 248472,
        "homeNotional": 0.00248472,
        "foreignNotional": 17
    },
    {
        "timestamp": "2020-04-11T14:24:58.677Z",
        "symbol": "XBTUSD",
        "side": "Sell",
        "size": 2,
        "price": 6841.5,
        "tickDirection": "ZeroMinusTick",
        "trdMatchID": "60909712-0164-a003-f7ad-1d87a702f0bc",
        "grossValue": 29234,
        "homeNotional": 0.00029234,
        "foreignNotional": 2
    },
    {
        "timestamp": "2020-04-11T14:24:58.467Z",
        "symbol": "XBTUSD",
        "side": "Sell",
        "size": 1000,
        "price": 6841.5,
        "tickDirection": "MinusTick",
        "trdMatchID": "ec586bb2-3795-a86b-9cc3-8d0cbbf190b2",
        "grossValue": 14617000,
        "homeNotional": 0.14617,
        "foreignNotional": 1000
    },
    {
        "timestamp": "2020-04-11T14:24:57.673Z",
        "symbol": "XBTUSD",
        "side": "Buy",
        "size": 1250,
        "price": 6842,
        "tickDirection": "ZeroPlusTick",
        "trdMatchID": "85c66e7a-ce85-4471-e65a-f4f9a070f804",
        "grossValue": 18270000,
        "homeNotional": 0.1827,
        "foreignNotional": 1250
    },
    {
        "timestamp": "2020-04-11T14:24:56.134Z",
        "symbol": "XBTUSD",
        "side": "Buy",
        "size": 500,
        "price": 6842,
        "tickDirection": "PlusTick",
        "trdMatchID": "31262ffc-d866-ac57-fd3d-ce434fa9f3e0",
        "grossValue": 7308000,
        "homeNotional": 0.07308,
        "foreignNotional": 500
    },
    {
        "timestamp": "2020-04-11T14:24:54.991Z",
        "symbol": "XBTUSD",
        "side": "Sell",
        "size": 30,
        "price": 6841.5,
        "tickDirection": "ZeroMinusTick",
        "trdMatchID": "d5d71975-76b3-f560-2794-8bd67a27b465",
        "grossValue": 438510,
        "homeNotional": 0.0043851,
        "foreignNotional": 30
    },
    {
        "timestamp": "2020-04-11T14:24:53.310Z",
        "symbol": "XBTUSD",
        "side": "Sell",
        "size": 1,
        "price": 6841.5,
        "tickDirection": "MinusTick",
        "trdMatchID": "91986c00-5087-01fd-e752-a5555a37657f",
        "grossValue": 14617,
        "homeNotional": 0.00014617,
        "foreignNotional": 1
    },
    {
        "timestamp": "2020-04-11T14:24:53.304Z",
        "symbol": "XBTUSD",
        "side": "Buy",
        "size": 20,
        "price": 6842,
        "tickDirection": "ZeroPlusTick",
        "trdMatchID": "d2f8cede-0069-0c4c-5714-9b6e074279b8",
        "grossValue": 292320,
        "homeNotional": 0.0029232,
        "foreignNotional": 20
    },
    {
        "timestamp": "2020-04-11T14:24:51.324Z",
        "symbol": "XBTUSD",
        "side": "Buy",
        "size": 190,
        "price": 6842,
        "tickDirection": "PlusTick",
        "trdMatchID": "616ddecf-aef7-dfa1-6a18-b94927e131a8",
        "grossValue": 2777040,
        "homeNotional": 0.0277704,
        "foreignNotional": 190
    },
    {
        "timestamp": "2020-04-11T14:24:51.065Z",
        "symbol": "XBTUSD",
        "side": "Sell",
        "size": 2,
        "price": 6841.5,
        "tickDirection": "ZeroMinusTick",
        "trdMatchID": "18f4c5ff-2d00-d8d9-1b9f-df697c1a5a57",
        "grossValue": 29234,
        "homeNotional": 0.00029234,
        "foreignNotional": 2
    },
    {
        "timestamp": "2020-04-11T14:24:50.574Z",
        "symbol": "XBTUSD",
        "side": "Sell",
        "size": 25,
        "price": 6841.5,
        "tickDirection": "MinusTick",
        "trdMatchID": "69ad559e-cdee-38fc-b0dd-484c96a8cf57",
        "grossValue": 365425,
        "homeNotional": 0.00365425,
        "foreignNotional": 25
    },
    {
        "timestamp": "2020-04-11T14:24:47.462Z",
        "symbol": "XBTUSD",
        "side": "Buy",
        "size": 50,
        "price": 6842,
        "tickDirection": "ZeroPlusTick",
        "trdMatchID": "77e10eff-f213-4083-8da5-20658a4f2ac4",
        "grossValue": 730800,
        "homeNotional": 0.007308,
        "foreignNotional": 50
    },
    {
        "timestamp": "2020-04-11T14:24:47.353Z",
        "symbol": "XBTUSD",
        "side": "Buy",
        "size": 340,
        "price": 6842,
        "tickDirection": "PlusTick",
        "trdMatchID": "64511952-82f6-b1de-faaa-e814d40dc790",
        "grossValue": 4969440,
        "homeNotional": 0.0496944,
        "foreignNotional": 340
    },
    {
        "timestamp": "2020-04-11T14:24:45.934Z",
        "symbol": "XBTUSD",
        "side": "Sell",
        "size": 1000,
        "price": 6841.5,
        "tickDirection": "ZeroMinusTick",
        "trdMatchID": "076c2136-97be-a9e2-dbf6-d925c83add15",
        "grossValue": 14617000,
        "homeNotional": 0.14617,
        "foreignNotional": 1000
    },
    {
        "timestamp": "2020-04-11T14:24:45.763Z",
        "symbol": "XBTUSD",
        "side": "Sell",
        "size": 1,
        "price": 6841.5,
        "tickDirection": "ZeroMinusTick",
        "trdMatchID": "c1224498-44ad-b3d4-cbc6-4f4306d16383",
        "grossValue": 14617,
        "homeNotional": 0.00014617,
        "foreignNotional": 1
    },
    {
        "timestamp": "2020-04-11T14:24:45.046Z",
        "symbol": "XBTUSD",
        "side": "Sell",
        "size": 1,
        "price": 6841.5,
        "tickDirection": "ZeroMinusTick",
        "trdMatchID": "69715035-8c5e-f54e-e6f2-9050d7e59a37",
        "grossValue": 14617,
        "homeNotional": 0.00014617,
        "foreignNotional": 1
    },
    {
        "timestamp": "2020-04-11T14:24:45.046Z",
        "symbol": "XBTUSD",
        "side": "Sell",
        "size": 1,
        "price": 6841.5,
        "tickDirection": "ZeroMinusTick",
        "trdMatchID": "2292e8f5-9118-18c1-737b-8f3daf0c941c",
        "grossValue": 14617,
        "homeNotional": 0.00014617,
        "foreignNotional": 1
    },
    {
        "timestamp": "2020-04-11T14:24:45.046Z",
        "symbol": "XBTUSD",
        "side": "Sell",
        "size": 1,
        "price": 6841.5,
        "tickDirection": "ZeroMinusTick",
        "trdMatchID": "db0a871f-1350-ff29-eb3a-60bb6ec110f2",
        "grossValue": 14617,
        "homeNotional": 0.00014617,
        "foreignNotional": 1
    },
    {
        "timestamp": "2020-04-11T14:24:45.046Z",
        "symbol": "XBTUSD",
        "side": "Sell",
        "size": 1,
        "price": 6841.5,
        "tickDirection": "ZeroMinusTick",
        "trdMatchID": "0ff19ab3-5c9d-458d-f596-9d26c8551676",
        "grossValue": 14617,
        "homeNotional": 0.00014617,
        "foreignNotional": 1
    },
    {
        "timestamp": "2020-04-11T14:24:45.046Z",
        "symbol": "XBTUSD",
        "side": "Sell",
        "size": 1,
        "price": 6841.5,
        "tickDirection": "ZeroMinusTick",
        "trdMatchID": "1e24ee36-f9ae-33db-bbcd-e7b67e9c6570",
        "grossValue": 14617,
        "homeNotional": 0.00014617,
        "foreignNotional": 1
    },
    {
        "timestamp": "2020-04-11T14:24:45.046Z",
        "symbol": "XBTUSD",
        "side": "Sell",
        "size": 1,
        "price": 6841.5,
        "tickDirection": "ZeroMinusTick",
        "trdMatchID": "a1dd9f3e-4c72-e829-9fbc-7bd3148b1605",
        "grossValue": 14617,
        "homeNotional": 0.00014617,
        "foreignNotional": 1
    },
    {
        "timestamp": "2020-04-11T14:24:45.046Z",
        "symbol": "XBTUSD",
        "side": "Sell",
        "size": 1,
        "price": 6841.5,
        "tickDirection": "ZeroMinusTick",
        "trdMatchID": "079b31f2-8c83-7674-548e-05ad6196bf08",
        "grossValue": 14617,
        "homeNotional": 0.00014617,
        "foreignNotional": 1
    },
    {
        "timestamp": "2020-04-11T14:24:45.046Z",
        "symbol": "XBTUSD",
        "side": "Sell",
        "size": 1,
        "price": 6841.5,
        "tickDirection": "ZeroMinusTick",
        "trdMatchID": "96612ebe-b3b7-97f8-bd74-3651845b613b",
        "grossValue": 14617,
        "homeNotional": 0.00014617,
        "foreignNotional": 1
    },
    {
        "timestamp": "2020-04-11T14:24:45.046Z",
        "symbol": "XBTUSD",
        "side": "Sell",
        "size": 1,
        "price": 6841.5,
        "tickDirection": "ZeroMinusTick",
        "trdMatchID": "64831683-2da5-8d68-2610-c77b3e9d99ef",
        "grossValue": 14617,
        "homeNotional": 0.00014617,
        "foreignNotional": 1
    },
    {
        "timestamp": "2020-04-11T14:24:45.046Z",
        "symbol": "XBTUSD",
        "side": "Sell",
        "size": 1,
        "price": 6841.5,
        "tickDirection": "MinusTick",
        "trdMatchID": "af2446ff-128d-0181-b30b-6909afc0d734",
        "grossValue": 14617,
        "homeNotional": 0.00014617,
        "foreignNotional": 1
    },
    {
        "timestamp": "2020-04-11T14:24:44.840Z",
        "symbol": "XBTUSD",
        "side": "Buy",
        "size": 2000,
        "price": 6842,
        "tickDirection": "PlusTick",
        "trdMatchID": "6f2c1cac-f464-77df-7450-e5f8faf7fb63",
        "grossValue": 29232000,
        "homeNotional": 0.29232,
        "foreignNotional": 2000
    },
    {
        "timestamp": "2020-04-11T14:24:43.752Z",
        "symbol": "XBTUSD",
        "side": "Sell",
        "size": 8845,
        "price": 6841.5,
        "tickDirection": "ZeroMinusTick",
        "trdMatchID": "adafe26e-5b59-911b-b0fe-061d8acf0357",
        "grossValue": 129287365,
        "homeNotional": 1.29287365,
        "foreignNotional": 8845
    },
    {
        "timestamp": "2020-04-11T14:24:43.752Z",
        "symbol": "XBTUSD",
        "side": "Sell",
        "size": 1500,
        "price": 6841.5,
        "tickDirection": "ZeroMinusTick",
        "trdMatchID": "8e95087e-1891-a787-9310-97daca8774e4",
        "grossValue": 21925500,
        "homeNotional": 0.219255,
        "foreignNotional": 1500
    },
    {
        "timestamp": "2020-04-11T14:24:43.752Z",
        "symbol": "XBTUSD",
        "side": "Sell",
        "size": 1500,
        "price": 6841.5,
        "tickDirection": "ZeroMinusTick",
        "trdMatchID": "879ab8c2-083f-fc7f-f10c-33aca0021d99",
        "grossValue": 21925500,
        "homeNotional": 0.219255,
        "foreignNotional": 1500
    },
    {
        "timestamp": "2020-04-11T14:24:43.752Z",
        "symbol": "XBTUSD",
        "side": "Sell",
        "size": 4500,
        "price": 6841.5,
        "tickDirection": "ZeroMinusTick",
        "trdMatchID": "c09b27fc-fe3e-febf-274e-6b2d7d27313d",
        "grossValue": 65776500,
        "homeNotional": 0.657765,
        "foreignNotional": 4500
    },
    {
        "timestamp": "2020-04-11T14:24:43.752Z",
        "symbol": "XBTUSD",
        "side": "Sell",
        "size": 12000,
        "price": 6841.5,
        "tickDirection": "ZeroMinusTick",
        "trdMatchID": "ecbaae55-8703-d543-8737-b2d2284545b1",
        "grossValue": 175404000,
        "homeNotional": 1.75404,
        "foreignNotional": 12000
    },
    {
        "timestamp": "2020-04-11T14:24:43.752Z",
        "symbol": "XBTUSD",
        "side": "Sell",
        "size": 1500,
        "price": 6841.5,
        "tickDirection": "ZeroMinusTick",
        "trdMatchID": "a0b5336d-babd-4ff7-0258-001dbc408270",
        "grossValue": 21925500,
        "homeNotional": 0.219255,
        "foreignNotional": 1500
    },
    {
        "timestamp": "2020-04-11T14:24:43.752Z",
        "symbol": "XBTUSD",
        "side": "Sell",
        "size": 990,
        "price": 6841.5,
        "tickDirection": "ZeroMinusTick",
        "trdMatchID": "760651a2-3b85-4ba5-36c6-535777d949de",
        "grossValue": 14470830,
        "homeNotional": 0.1447083,
        "foreignNotional": 990
    },
    {
        "timestamp": "2020-04-11T14:24:43.752Z",
        "symbol": "XBTUSD",
        "side": "Sell",
        "size": 40022,
        "price": 6841.5,
        "tickDirection": "ZeroMinusTick",
        "trdMatchID": "166d2d79-de2e-0958-5677-0c70bfdb95e6",
        "grossValue": 585001574,
        "homeNotional": 5.85001574,
        "foreignNotional": 40022
    },
    {
        "timestamp": "2020-04-11T14:24:43.752Z",
        "symbol": "XBTUSD",
        "side": "Sell",
        "size": 1500,
        "price": 6841.5,
        "tickDirection": "ZeroMinusTick",
        "trdMatchID": "21ddba87-e753-bf5a-ec9e-e7f4cb48ef95",
        "grossValue": 21925500,
