[
    {
        "timestamp": "2019-05-03T12:01:11.136Z",
        "symbol": "XBTUSD",
        "side": "Sell",
        "size": 10000,
        "price": 5691,
        "tickDirection": "MinusTick",
        "trdMatchID": "e2cc2ae3-2614-dc01-26e8-610368f5d6f3",
        "grossValue": 175720000,
        "homeNotional": 1.7572,
        "foreignNotional": 10000
    },
    {
        "timestamp": "2019-05-03T12:01:11.666Z",
        "symbol": "XBTUSD",
        "side": "Sell",
        "size": 14876,
        "price": 5691,
        "tickDirection": "ZeroMinusTick",
        "trdMatchID": "0c6ded6c-789a-2135-7333-fb975db0eba3",
        "grossValue": 261401072,
        "homeNotional": 2.61401072,
        "foreignNotional": 14876
    },
    {
        "timestamp": "2019-05-03T12:01:11.666Z",
        "symbol": "XBTUSD",
        "side": "Sell",
        "size": 231,
        "price": 5691,
        "tickDirection": "ZeroMinusTick",
        "trdMatchID": "31991ec1-c075-c571-1376-bde64738b233",
        "grossValue": 4059132,
        "homeNotional": 0.04059132,
        "foreignNotional": 231
    },
    {
        "timestamp": "2019-05-03T12:01:11.666Z",
        "symbol": "XBTUSD",
        "side": "Sell",
        "size": 399,
        "price": 5691,
        "tickDirection": "ZeroMinusTick",
        "trdMatchID": "9e202bd6-d574-cc24-85c9-7c50a6779ed7",
        "grossValue": 7011228,
        "homeNotional": 0.07011228,
        "foreignNotional": 399
    },
    {
        "timestamp": "2019-05-03T12:01:11.666Z",
        "symbol": "XBTUSD",
        "side": "Sell",
        "size": 1000,
        "price": 5691,
        "tickDirection": "ZeroMinusTick",
        "trdMatchID": "39ff347d-ac78-f513-d903-1e46f5aa90ad",
        "grossValue": 17572000,
        "homeNotional": 0.17572,
        "foreignNotional": 1000
    },
    {
        "timestamp": "2019-05-03T12:01:11.666Z",
        "symbol": "XBTUSD",
        "side": "Sell",
        "size": 1298,
        "price": 5691,
        "tickDirection": "ZeroMinusTick",
        "trdMatchID": "9e6b9d57-5404-4da1-cf6f-01aae08b66a5",
        "grossValue": 22808456,
        "homeNotional": 0.22808456,
        "foreignNotional": 1298
    },
    {
        "timestamp": "2019-05-03T12:01:11.666Z",
        "symbol": "XBTUSD",
        "side": "Sell",
        "size": 5000,
        "price": 5691,
        "tickDirection": "ZeroMinusTick",
        "trdMatchID": "b514bc96-fb1c-69f0-20b6-1800f5b17611",
        "grossValue": 87860000,
        "homeNotional": 0.8786,
        "foreignNotional": 5000
    },
    {
        "timestamp": "2019-05-03T12:01:11.666Z",
        "symbol": "XBTUSD",
        "side": "Sell",
        "size": 461,
        "price": 5691,
        "tickDirection": "ZeroMinusTick",
        "trdMatchID": "95cc7489-70dd-6daa-300b-3e84d2db917d",
        "grossValue": 8100692,
        "homeNotional": 0.08100692,
        "foreignNotional": 461
    },
    {
        "timestamp": "2019-05-03T12:01:11.666Z",
        "symbol": "XBTUSD",
        "side": "Sell",
        "size": 5,
        "price": 5691,
        "tickDirection": "ZeroMinusTick",
        "trdMatchID": "b220125b-0020-37c1-fb08-ee623a799ce0",
        "grossValue": 87860,
        "homeNotional": 0.0008786,
        "foreignNotional": 5
    },
    {
        "timestamp": "2019-05-03T12:01:11.666Z",
        "symbol": "XBTUSD",
        "side": "Sell",
        "size": 26,
        "price": 5691,
        "tickDirection": "ZeroMinusTick",
        "trdMatchID": "97c0ca17-7b9a-8ee0-551d-a907fe92fdb2",
        "grossValue": 456872,
        "homeNotional": 0.00456872,
        "foreignNotional": 26
    },
    {
        "timestamp": "2019-05-03T12:01:11.666Z",
        "symbol": "XBTUSD",
        "side": "Sell",
        "size": 17,
        "price": 5691,
        "tickDirection": "ZeroMinusTick",
        "trdMatchID": "6e6b17be-bfce-664c-31f3-1121189e124b",
        "grossValue": 298724,
        "homeNotional": 0.00298724,
        "foreignNotional": 17
    },
    {
        "timestamp": "2019-05-03T12:01:11.666Z",
        "symbol": "XBTUSD",
        "side": "Sell",
        "size": 549,
        "price": 5691,
        "tickDirection": "ZeroMinusTick",
        "trdMatchID": "4b3a09fd-dce4-0903-c2bc-6edd7b47d4b3",
        "grossValue": 9647028,
        "homeNotional": 0.09647028,
        "foreignNotional": 549
    },
    {
        "timestamp": "2019-05-03T12:01:11.666Z",
        "symbol": "XBTUSD",
        "side": "Sell",
        "size": 30,
        "price": 5691,
        "tickDirection": "ZeroMinusTick",
        "trdMatchID": "482cdc7e-229a-ad2d-c982-855325ff512b",
        "grossValue": 527160,
        "homeNotional": 0.0052716,
        "foreignNotional": 30
    },
    {
        "timestamp": "2019-05-03T12:01:11.666Z",
        "symbol": "XBTUSD",
        "side": "Sell",
        "size": 5690,
        "price": 5691,
        "tickDirection": "ZeroMinusTick",
        "trdMatchID": "7bfd5683-831e-b556-8fa0-53aa114ff4bc",
        "grossValue": 99984680,
        "homeNotional": 0.9998468,
        "foreignNotional": 5690
    },
    {
        "timestamp": "2019-05-03T12:01:11.666Z",
        "symbol": "XBTUSD",
        "side": "Sell",
        "size": 418,
        "price": 5691,
        "tickDirection": "ZeroMinusTick",
        "trdMatchID": "69872820-871c-ff1a-61f9-bb94257ced3f",
        "grossValue": 7345096,
        "homeNotional": 0.07345096,
        "foreignNotional": 418
    },
    {
        "timestamp": "2019-05-03T12:01:11.989Z",
        "symbol": "XBTUSD",
        "side": "Sell",
        "size": 9582,
        "price": 5691,
        "tickDirection": "ZeroMinusTick",
        "trdMatchID": "2f9aa48d-631c-c592-491b-b3529c8436ee",
        "grossValue": 168374904,
        "homeNotional": 1.68374904,
        "foreignNotional": 9582
    },
    {
        "timestamp": "2019-05-03T12:01:11.989Z",
        "symbol": "XBTUSD",
        "side": "Sell",
        "size": 10000,
        "price": 5691,
        "tickDirection": "ZeroMinusTick",
        "trdMatchID": "3e20cc42-cc2b-0cac-9b80-9a76779e37a6",
        "grossValue": 175720000,
        "homeNotional": 1.7572,
        "foreignNotional": 10000
    },
    {
        "timestamp": "2019-05-03T12:01:11.989Z",
        "symbol": "XBTUSD",
        "side": "Sell",
        "size": 7418,
        "price": 5691,
        "tickDirection": "ZeroMinusTick",
        "trdMatchID": "8232765f-2680-29e5-bf7d-aa43e2a8ffe1",
        "grossValue": 130349096,
        "homeNotional": 1.30349096,
        "foreignNotional": 7418
    },
    {
        "timestamp": "2019-05-03T12:01:12.003Z",
        "symbol": "XBTUSD",
        "side": "Sell",
        "size": 200,
        "price": 5691,
        "tickDirection": "ZeroMinusTick",
        "trdMatchID": "9132f102-8fa4-1f12-9394-60e022cd9811",
        "grossValue": 3514400,
        "homeNotional": 0.035144,
        "foreignNotional": 200
    },
    {
        "timestamp": "2019-05-03T12:01:12.711Z",
        "symbol": "XBTUSD",
        "side": "Sell",
        "size": 57,
        "price": 5691,
        "tickDirection": "ZeroMinusTick",
        "trdMatchID": "996852b6-60ae-3f06-bada-b0660466b621",
        "grossValue": 1001604,
        "homeNotional": 0.01001604,
        "foreignNotional": 57
    },
    {
        "timestamp": "2019-05-03T12:01:12.834Z",
        "symbol": "XBTUSD",
        "side": "Sell",
        "size": 92325,
        "price": 5691,
        "tickDirection": "ZeroMinusTick",
        "trdMatchID": "4ffe3994-4b34-2d16-491f-12bc2dcbe44f",
        "grossValue": 1622334900,
        "homeNotional": 16.223349,
        "foreignNotional": 92325
    },
    {
        "timestamp": "2019-05-03T12:01:12.834Z",
        "symbol": "XBTUSD",
        "side": "Sell",
        "size": 3000,
        "price": 5691,
        "tickDirection": "ZeroMinusTick",
        "trdMatchID": "a7d49b6e-fd55-a4ba-7847-a80b1e3d31b1",
        "grossValue": 52716000,
        "homeNotional": 0.52716,
        "foreignNotional": 3000
    },
    {
        "timestamp": "2019-05-03T12:01:12.834Z",
        "symbol": "XBTUSD",
        "side": "Sell",
        "size": 4675,
        "price": 5691,
        "tickDirection": "ZeroMinusTick",
        "trdMatchID": "0161ac43-19a7-80e5-7428-ac47258a02a7",
        "grossValue": 82149100,
        "homeNotional": 0.821491,
        "foreignNotional": 4675
    },
    {
        "timestamp": "2019-05-03T12:01:12.860Z",
        "symbol": "XBTUSD",
        "side": "Sell",
        "size": 9700,
        "price": 5691,
        "tickDirection": "ZeroMinusTick",
        "trdMatchID": "a5a5398c-0c1e-c4ed-3fd9-7d14f025653d",
        "grossValue": 170448400,
        "homeNotional": 1.704484,
        "foreignNotional": 9700
    },
    {
        "timestamp": "2019-05-03T12:01:12.931Z",
        "symbol": "XBTUSD",
        "side": "Sell",
        "size": 1000,
        "price": 5691,
        "tickDirection": "ZeroMinusTick",
        "trdMatchID": "28908d9b-af3f-e846-48e8-e7ecfd57be42",
        "grossValue": 17572000,
        "homeNotional": 0.17572,
        "foreignNotional": 1000
    },
    {
        "timestamp": "2019-05-03T12:01:12.958Z",
        "symbol": "XBTUSD",
        "side": "Sell",
        "size": 5,
        "price": 5691,
        "tickDirection": "ZeroMinusTick",
        "trdMatchID": "89f46837-1b03-c288-9a9d-d356fa5cb099",
        "grossValue": 87860,
        "homeNotional": 0.0008786,
        "foreignNotional": 5
    },
    {
        "timestamp": "2019-05-03T12:01:12.981Z",
        "symbol": "XBTUSD",
        "side": "Sell",
        "size": 8620,
        "price": 5691,
        "tickDirection": "ZeroMinusTick",
        "trdMatchID": "12ced10e-1d82-570d-a9cf-0b718c3e0995",
        "grossValue": 151470640,
        "homeNotional": 1.5147064,
        "foreignNotional": 8620
    },
    {
        "timestamp": "2019-05-03T12:01:12.981Z",
        "symbol": "XBTUSD",
        "side": "Sell",
        "size": 1500,
        "price": 5691,
        "tickDirection": "ZeroMinusTick",
        "trdMatchID": "c90c7570-fe05-0f44-e356-9799953a5315",
        "grossValue": 26358000,
        "homeNotional": 0.26358,
        "foreignNotional": 1500
    },
    {
        "timestamp": "2019-05-03T12:01:12.981Z",
        "symbol": "XBTUSD",
        "side": "Sell",
        "size": 1356,
        "price": 5691,
        "tickDirection": "ZeroMinusTick",
        "trdMatchID": "6d24afc5-2740-ce90-31c0-01b4ee8618b6",
        "grossValue": 23827632,
        "homeNotional": 0.23827632,
        "foreignNotional": 1356
    },
    {
        "timestamp": "2019-05-03T12:01:12.981Z",
        "symbol": "XBTUSD",
        "side": "Sell",
        "size": 1500,
        "price": 5691,
        "tickDirection": "ZeroMinusTick",
        "trdMatchID": "29736295-df57-eacb-518f-3e977207755b",
        "grossValue": 26358000,
        "homeNotional": 0.26358,
        "foreignNotional": 1500
    },
    {
        "timestamp": "2019-05-03T12:01:12.981Z",
        "symbol": "XBTUSD",
        "side": "Sell",
        "size": 30,
        "price": 5691,
        "tickDirection": "ZeroMinusTick",
        "trdMatchID": "fda64ea8-1b5f-951b-4d48-0e7f2fc04d0c",
        "grossValue": 527160,
        "homeNotional": 0.0052716,
        "foreignNotional": 30
    },
    {
        "timestamp": "2019-05-03T12:01:12.981Z",
        "symbol": "XBTUSD",
        "side": "Sell",
        "size": 1000,
        "price": 5691,
        "tickDirection": "ZeroMinusTick",
        "trdMatchID": "8bfc41a3-3822-998c-dd46-d816769ce82d",
        "grossValue": 17572000,
        "homeNotional": 0.17572,
        "foreignNotional": 1000
    },
    {
        "timestamp": "2019-05-03T12:01:12.981Z",
        "symbol": "XBTUSD",
        "side": "Sell",
        "size": 3659,
        "price": 5691,
        "tickDirection": "ZeroMinusTick",
        "trdMatchID": "563c0b61-d989-6817-627a-66507c300a67",
        "grossValue": 64295948,
        "homeNotional": 0.64295948,
        "foreignNotional": 3659
    },
    {
        "timestamp": "2019-05-03T12:01:12.981Z",
        "symbol": "XBTUSD",
        "side": "Sell",
        "size": 14227,
        "price": 5691,
        "tickDirection": "ZeroMinusTick",
        "trdMatchID": "5d307410-6198-b439-9831-1cf45a390800",
        "grossValue": 249996844,
        "homeNotional": 2.49996844,
        "foreignNotional": 14227
    },
    {
        "timestamp": "2019-05-03T12:01:12.981Z",
        "symbol": "XBTUSD",
        "side": "Sell",
        "size": 571,
        "price": 5691,
        "tickDirection": "ZeroMinusTick",
        "trdMatchID": "bf95fc0c-7015-6113-217c-1c8a33d66a70",
        "grossValue": 10033612,
        "homeNotional": 0.10033612,
        "foreignNotional": 571
    },
    {
        "timestamp": "2019-05-03T12:01:12.981Z",
        "symbol": "XBTUSD",
        "side": "Sell",
        "size": 10526,
        "price": 5691,
        "tickDirection": "ZeroMinusTick",
        "trdMatchID": "07046209-0567-9c38-ab90-47fdbb130df2",
        "grossValue": 184962872,
        "homeNotional": 1.84962872,
        "foreignNotional": 10526
    },
    {
        "timestamp": "2019-05-03T12:01:13.037Z",
        "symbol": "XBTUSD",
        "side": "Sell",
        "size": 100,
        "price": 5691,
        "tickDirection": "ZeroMinusTick",
        "trdMatchID": "8df356c9-f0b6-0822-e40d-dbe67fe105f3",
        "grossValue": 1757200,
        "homeNotional": 0.017572,
        "foreignNotional": 100
    },
    {
        "timestamp": "2019-05-03T12:01:13.236Z",
        "symbol": "XBTUSD",
        "side": "Buy",
        "size": 5,
        "price": 5691.5,
        "tickDirection": "PlusTick",
        "trdMatchID": "41dc1175-8ab0-80aa-9e23-8930dd855f58",
        "grossValue": 87850,
        "homeNotional": 0.0008785,
        "foreignNotional": 5
    },
    {
        "timestamp": "2019-05-03T12:01:13.370Z",
        "symbol": "XBTUSD",
        "side": "Sell",
        "size": 6241,
        "price": 5691,
        "tickDirection": "MinusTick",
        "trdMatchID": "f18da08d-b950-9752-ccf6-d31febfd22ec",
        "grossValue": 109666852,
        "homeNotional": 1.09666852,
        "foreignNotional": 6241
    },
    {
        "timestamp": "2019-05-03T12:01:13.370Z",
        "symbol": "XBTUSD",
        "side": "Sell",
        "size": 2759,
        "price": 5691,
        "tickDirection": "ZeroMinusTick",
        "trdMatchID": "38dfe50b-3d57-2136-5f2e-3fcaa68f5f82",
        "grossValue": 48481148,
        "homeNotional": 0.48481148,
        "foreignNotional": 2759
    },
    {
        "timestamp": "2019-05-03T12:01:13.439Z",
        "symbol": "XBTUSD",
        "side": "Sell",
        "size": 1241,
        "price": 5691,
        "tickDirection": "ZeroMinusTick",
        "trdMatchID": "778c64de-7883-2587-140c-a0bb5c62dc40",
        "grossValue": 21806852,
        "homeNotional": 0.21806852,
        "foreignNotional": 1241
    },
    {
        "timestamp": "2019-05-03T12:01:13.439Z",
        "symbol": "XBTUSD",
        "side": "Sell",
        "size": 68295,
        "price": 5691,
        "tickDirection": "ZeroMinusTick",
        "trdMatchID": "11e813c4-5346-6140-adeb-646660075563",
        "grossValue": 1200079740,
        "homeNotional": 12.0007974,
        "foreignNotional": 68295
    },
    {
        "timestamp": "2019-05-03T12:01:13.439Z",
        "symbol": "XBTUSD",
        "side": "Sell",
        "size": 7200,
        "price": 5691,
        "tickDirection": "ZeroMinusTick",
        "trdMatchID": "bbce9fc7-76be-3f88-a701-72c280629d2d",
        "grossValue": 126518400,
        "homeNotional": 1.265184,
        "foreignNotional": 7200
    },
    {
        "timestamp": "2019-05-03T12:01:13.439Z",
        "symbol": "XBTUSD",
        "side": "Sell",
        "size": 913,
        "price": 5691,
        "tickDirection": "ZeroMinusTick",
        "trdMatchID": "74c81573-4d77-581d-1e8d-03ca246ec89b",
        "grossValue": 16043236,
        "homeNotional": 0.16043236,
        "foreignNotional": 913
    },
    {
        "timestamp": "2019-05-03T12:01:13.439Z",
        "symbol": "XBTUSD",
        "side": "Sell",
        "size": 3333,
        "price": 5691,
        "tickDirection": "ZeroMinusTick",
        "trdMatchID": "026afcd6-e0ca-3c45-1dc3-e29ec81ec071",
        "grossValue": 58567476,
        "homeNotional": 0.58567476,
        "foreignNotional": 3333
    },
    {
        "timestamp": "2019-05-03T12:01:13.439Z",
        "symbol": "XBTUSD",
        "side": "Sell",
        "size": 54,
        "price": 5691,
        "tickDirection": "ZeroMinusTick",
        "trdMatchID": "17846001-a499-8bd0-87ff-c9b962ee14b9",
        "grossValue": 948888,
        "homeNotional": 0.00948888,
        "foreignNotional": 54
    },
    {
        "timestamp": "2019-05-03T12:01:13.439Z",
        "symbol": "XBTUSD",
        "side": "Sell",
        "size": 500,
        "price": 5691,
        "tickDirection": "ZeroMinusTick",
        "trdMatchID": "ce900192-d9d5-d0da-9551-ac114c77fb7a",
        "grossValue": 8786000,
        "homeNotional": 0.08786,
        "foreignNotional": 500
    },
    {
        "timestamp": "2019-05-03T12:01:13.439Z",
        "symbol": "XBTUSD",
        "side": "Sell",
        "size": 10300,
        "price": 5691,
        "tickDirection": "ZeroMinusTick",
        "trdMatchID": "2826ebaa-44fd-c28f-bac7-fc76af8b74de",
        "grossValue": 180991600,
        "homeNotional": 1.809916,
        "foreignNotional": 10300
    },
    {
        "timestamp": "2019-05-03T12:01:13.439Z",
        "symbol": "XBTUSD",
        "side": "Sell",
        "size": 1000,
        "price": 5691,
        "tickDirection": "ZeroMinusTick",
        "trdMatchID": "8bb7b2c0-cd83-7ea6-7970-61960360b49b",
        "grossValue": 17572000,
        "homeNotional": 0.17572,
        "foreignNotional": 1000
    },
    {
        "timestamp": "2019-05-03T12:01:13.439Z",
        "symbol": "XBTUSD",
        "side": "Sell",
        "size": 8,
        "price": 5691,
        "tickDirection": "ZeroMinusTick",
        "trdMatchID": "d4f1a871-9ea4-bd75-cbe7-a2daa61edc0e",
        "grossValue": 140576,
        "homeNotional": 0.00140576,
        "foreignNotional": 8
    },
    {
        "timestamp": "2019-05-03T12:01:13.439Z",
        "symbol": "XBTUSD",
        "side": "Sell",
        "size": 620,
        "price": 5691,
        "tickDirection": "ZeroMinusTick",
        "trdMatchID": "8a379153-8b1f-dbde-b1ec-f6c6f9659c78",
        "grossValue": 10894640,
        "homeNotional": 0.1089464,
        "foreignNotional": 620
    },
    {
        "timestamp": "2019-05-03T12:01:13.439Z",
        "symbol": "XBTUSD",
        "side": "Sell",
        "size": 3000,
        "price": 5691,
        "tickDirection": "ZeroMinusTick",
        "trdMatchID": "d23438a8-a209-01c3-225d-4dea456995d7",
        "grossValue": 52716000,
        "homeNotional": 0.52716,
        "foreignNotional": 3000
    },
    {
        "timestamp": "2019-05-03T12:01:13.439Z",
        "symbol": "XBTUSD",
        "side": "Sell",
        "size": 1200,
        "price": 5691,
        "tickDirection": "ZeroMinusTick",
        "trdMatchID": "24dd48c0-2910-24d7-8d7f-3bea806e8fbb",
        "grossValue": 21086400,
        "homeNotional": 0.210864,
        "foreignNotional": 1200
    },
    {
        "timestamp": "2019-05-03T12:01:13.439Z",
        "symbol": "XBTUSD",
        "side": "Sell",
        "size": 2400,
        "price": 5691,
        "tickDirection": "ZeroMinusTick",
        "trdMatchID": "08abc8e1-d9c0-d584-c9c8-bacac7e93811",
        "grossValue": 42172800,
        "homeNotional": 0.421728,
        "foreignNotional": 2400
    },
    {
        "timestamp": "2019-05-03T12:01:13.439Z",
        "symbol": "XBTUSD",
        "side": "Sell",
        "size": 5000,
        "price": 5691,
        "tickDirection": "ZeroMinusTick",
        "trdMatchID": "55af5402-c548-2b3e-b8cb-f3b07c0dbc66",
        "grossValue": 87860000,
        "homeNotional": 0.8786,
        "foreignNotional": 5000
    },
    {
        "timestamp": "2019-05-03T12:01:13.439Z",
        "symbol": "XBTUSD",
        "side": "Sell",
        "size": 8774,
        "price": 5691,
        "tickDirection": "ZeroMinusTick",
        "trdMatchID": "b456ed46-f453-29a1-100c-d3510f3c749a",
        "grossValue": 154176728,
        "homeNotional": 1.54176728,
        "foreignNotional": 8774
    },
    {
        "timestamp": "2019-05-03T12:01:13.439Z",
        "symbol": "XBTUSD",
        "side": "Sell",
        "size": 10000,
        "price": 5691,
        "tickDirection": "ZeroMinusTick",
        "trdMatchID": "00e2bcc7-7eb0-3c03-72d9-488419505bc3",
        "grossValue": 175720000,
        "homeNotional": 1.7572,
        "foreignNotional": 10000
    },
    {
        "timestamp": "2019-05-03T12:01:13.439Z",
        "symbol": "XBTUSD",
        "side": "Sell",
        "size": 5691,
        "price": 5691,
        "tickDirection": "ZeroMinusTick",
        "trdMatchID": "8919f19a-d086-0c8b-0308-531ff7777bd7",
        "grossValue": 100002252,
        "homeNotional": 1.00002252,
        "foreignNotional": 5691
    },
    {
        "timestamp": "2019-05-03T12:01:13.439Z",
        "symbol": "XBTUSD",
        "side": "Sell",
        "size": 284,
        "price": 5691,
        "tickDirection": "ZeroMinusTick",
        "trdMatchID": "63091ea3-e321-db40-84ab-d7258ebac599",
        "grossValue": 4990448,
        "homeNotional": 0.04990448,
        "foreignNotional": 284
    },
    {
        "timestamp": "2019-05-03T12:01:13.439Z",
        "symbol": "XBTUSD",
        "side": "Sell",
        "size": 100,
        "price": 5691,
        "tickDirection": "ZeroMinusTick",
        "trdMatchID": "7b4f25f7-adab-ea84-e409-64af679efe7a",
        "grossValue": 1757200,
        "homeNotional": 0.017572,
        "foreignNotional": 100
    },
    {
        "timestamp": "2019-05-03T12:01:13.439Z",
        "symbol": "XBTUSD",
        "side": "Sell",
        "size": 100,
        "price": 5691,
        "tickDirection": "ZeroMinusTick",
        "trdMatchID": "e7ac1eb5-b15d-af6e-cddc-f23bcb27b2f4",
        "grossValue": 1757200,
        "homeNotional": 0.017572,
        "foreignNotional": 100
    },
    {
        "timestamp": "2019-05-03T12:01:13.439Z",
        "symbol": "XBTUSD",
        "side": "Sell",
        "size": 23810,
        "price": 5691,
        "tickDirection": "ZeroMinusTick",
        "trdMatchID": "152ed29e-7e2f-2ace-0858-d1888bbf0522",
        "grossValue": 418389320,
        "homeNotional": 4.1838932,
        "foreignNotional": 23810
    },
    {
        "timestamp": "2019-05-03T12:01:13.439Z",
        "symbol": "XBTUSD",
        "side": "Sell",
        "size": 200000,
        "price": 5691,
        "tickDirection": "ZeroMinusTick",
        "trdMatchID": "9df53b11-abe3-6454-e52a-bce61844b692",
        "grossValue": 3514400000,
        "homeNotional": 35.144,
        "foreignNotional": 200000
    },
    {
        "timestamp": "2019-05-03T12:01:13.439Z",
        "symbol": "XBTUSD",
        "side": "Sell",
        "size": 5000,
        "price": 5691,
        "tickDirection": "ZeroMinusTick",
        "trdMatchID": "48e3ce0e-33c9-4145-5c10-0300037c4cd8",
        "grossValue": 87860000,
        "homeNotional": 0.8786,
        "foreignNotional": 5000
    },
    {
        "timestamp": "2019-05-03T12:01:13.439Z",
        "symbol": "XBTUSD",
        "side": "Sell",
        "size": 14000,
        "price": 5691,
        "tickDirection": "ZeroMinusTick",
        "trdMatchID": "6e972d77-6f88-78ab-4726-7217a9857c1e",
        "grossValue": 246008000,
        "homeNotional": 2.46008,
        "foreignNotional": 14000
    },
    {
        "timestamp": "2019-05-03T12:01:13.439Z",
        "symbol": "XBTUSD",
        "side": "Sell",
        "size": 17000,
        "price": 5691,
        "tickDirection": "ZeroMinusTick",
        "trdMatchID": "5305164e-a680-3878-5699-04fb35927478",
        "grossValue": 298724000,
        "homeNotional": 2.98724,
        "foreignNotional": 17000
    },
    {
        "timestamp": "2019-05-03T12:01:13.439Z",
        "symbol": "XBTUSD",
        "side": "Sell",
        "size": 600,
        "price": 5691,
        "tickDirection": "ZeroMinusTick",
        "trdMatchID": "ad582d35-382c-6863-db39-a76395029207",
        "grossValue": 10543200,
        "homeNotional": 0.105432,
        "foreignNotional": 600
    },
    {
        "timestamp": "2019-05-03T12:01:13.439Z",
        "symbol": "XBTUSD",
        "side": "Sell",
        "size": 4000,
        "price": 5691,
        "tickDirection": "ZeroMinusTick",
        "trdMatchID": "749c1973-f59c-8649-8835-e3c89c15943e",
        "grossValue": 70288000,
        "homeNotional": 0.70288,
        "foreignNotional": 4000
    },
    {
        "timestamp": "2019-05-03T12:01:13.439Z",
        "symbol": "XBTUSD",
        "side": "Sell",
        "size": 3000,
        "price": 5691,
        "tickDirection": "ZeroMinusTick",
        "trdMatchID": "7477065c-2f12-c341-7fa9-e4dcaeb69cfe",
        "grossValue": 52716000,
        "homeNotional": 0.52716,
        "foreignNotional": 3000
    },
    {
        "timestamp": "2019-05-03T12:01:13.439Z",
        "symbol": "XBTUSD",
        "side": "Sell",
        "size": 2000,
        "price": 5691,
        "tickDirection": "ZeroMinusTick",
        "trdMatchID": "edd896aa-3cca-26e7-54d6-d08ecb29b415",
        "grossValue": 35144000,
        "homeNotional": 0.35144,
        "foreignNotional": 2000
    },
    {
        "timestamp": "2019-05-03T12:01:13.439Z",
        "symbol": "XBTUSD",
        "side": "Sell",
        "size": 3000,
        "price": 5691,
        "tickDirection": "ZeroMinusTick",
        "trdMatchID": "4ecc6477-da37-4244-3d48-6b62675064b4",
        "grossValue": 52716000,
        "homeNotional": 0.52716,
        "foreignNotional": 3000
    },
    {
        "timestamp": "2019-05-03T12:01:13.439Z",
        "symbol": "XBTUSD",
        "side": "Sell",
        "size": 60000,
        "price": 5691,
        "tickDirection": "ZeroMinusTick",
        "trdMatchID": "075e8874-4562-8ab1-63ad-56b3ed5b6c52",
        "grossValue": 1054320000,
        "homeNotional": 10.5432,
        "foreignNotional": 60000
    },
    {
        "timestamp": "2019-05-03T12:01:13.439Z",
        "symbol": "XBTUSD",
        "side": "Sell",
        "size": 800,
        "price": 5691,
        "tickDirection": "ZeroMinusTick",
        "trdMatchID": "afb776f3-ef59-e469-23a7-da37a3e526c4",
        "grossValue": 14057600,
        "homeNotional": 0.140576,
        "foreignNotional": 800
    },
    {
        "timestamp": "2019-05-03T12:01:13.439Z",
        "symbol": "XBTUSD",
        "side": "Sell",
        "size": 14929,
        "price": 5691,
        "tickDirection": "ZeroMinusTick",
        "trdMatchID": "d78217f3-42ec-1413-8f04-559c94c7a0f9",
        "grossValue": 262332388,
        "homeNotional": 2.62332388,
        "foreignNotional": 14929
    },
    {
        "timestamp": "2019-05-03T12:01:13.439Z",
        "symbol": "XBTUSD",
        "side": "Sell",
        "size": 8000,
        "price": 5691,
        "tickDirection": "ZeroMinusTick",
        "trdMatchID": "80d7cfba-d08e-b79b-30bc-70373916c714",
        "grossValue": 140576000,
        "homeNotional": 1.40576,
        "foreignNotional": 8000
    },
    {
        "timestamp": "2019-05-03T12:01:13.439Z",
        "symbol": "XBTUSD",
        "side": "Sell",
        "size": 1000,
        "price": 5691,
        "tickDirection": "ZeroMinusTick",
        "trdMatchID": "80bbe594-1a9e-a5ed-9fb7-aa9c1c07c867",
        "grossValue": 17572000,
        "homeNotional": 0.17572,
        "foreignNotional": 1000
    },
    {
        "timestamp": "2019-05-03T12:01:13.439Z",
        "symbol": "XBTUSD",
        "side": "Sell",
        "size": 4000,
        "price": 5691,
        "tickDirection": "ZeroMinusTick",
        "trdMatchID": "2f136869-a4da-33f6-8430-60e64d7d4108",
        "grossValue": 70288000,
        "homeNotional": 0.70288,
        "foreignNotional": 4000
    },
    {
        "timestamp": "2019-05-03T12:01:13.439Z",
        "symbol": "XBTUSD",
        "side": "Sell",
        "size": 400,
        "price": 5691,
        "tickDirection": "ZeroMinusTick",
        "trdMatchID": "63439e74-5a43-76b9-a2ba-2eb31fb17cc6",
        "grossValue": 7028800,
        "homeNotional": 0.070288,
        "foreignNotional": 400
    },
    {
        "timestamp": "2019-05-03T12:01:13.439Z",
        "symbol": "XBTUSD",
        "side": "Sell",
        "size": 1002,
        "price": 5691,
        "tickDirection": "ZeroMinusTick",
        "trdMatchID": "f206ef8d-4688-fe16-c8bb-3f9eed83cf64",
        "grossValue": 17607144,
        "homeNotional": 0.17607144,
        "foreignNotional": 1002
    },
    {
        "timestamp": "2019-05-03T12:01:13.439Z",
        "symbol": "XBTUSD",
        "side": "Sell",
        "size": 1002,
        "price": 5691,
        "tickDirection": "ZeroMinusTick",
        "trdMatchID": "a33b2b22-2c59-816c-21f6-2f24cd087c84",
        "grossValue": 17607144,
        "homeNotional": 0.17607144,
        "foreignNotional": 1002
    },
    {
        "timestamp": "2019-05-03T12:01:13.439Z",
        "symbol": "XBTUSD",
        "side": "Sell",
        "size": 1002,
        "price": 5691,
        "tickDirection": "ZeroMinusTick",
        "trdMatchID": "aa11452b-8b03-09da-4a22-199619f43f1b",
        "grossValue": 17607144,
        "homeNotional": 0.17607144,
        "foreignNotional": 1002
    },
    {
        "timestamp": "2019-05-03T12:01:13.439Z",
        "symbol": "XBTUSD",
        "side": "Sell",
        "size": 1002,
        "price": 5691,
        "tickDirection": "ZeroMinusTick",
        "trdMatchID": "3a2783f1-2b61-19ce-362a-7d20900f8817",
        "grossValue": 17607144,
        "homeNotional": 0.17607144,
        "foreignNotional": 1002
    },
    {
        "timestamp": "2019-05-03T12:01:13.439Z",
        "symbol": "XBTUSD",
        "side": "Sell",
        "size": 1002,
        "price": 5691,
        "tickDirection": "ZeroMinusTick",
        "trdMatchID": "98481c39-c643-c239-d065-c9f09dc305f3",
        "grossValue": 17607144,
        "homeNotional": 0.17607144,
        "foreignNotional": 1002
    },
    {
        "timestamp": "2019-05-03T12:01:13.439Z",
        "symbol": "XBTUSD",
        "side": "Sell",
        "size": 1002,
        "price": 5691,
        "tickDirection": "ZeroMinusTick",
        "trdMatchID": "062be004-9a4b-f788-f1c7-0f2013766ae3",
        "grossValue": 17607144,
        "homeNotional": 0.17607144,
        "foreignNotional": 1002
    },
    {
        "timestamp": "2019-05-03T12:01:13.439Z",
        "symbol": "XBTUSD",
        "side": "Sell",
        "size": 1002,
        "price": 5691,
        "tickDirection": "ZeroMinusTick",
        "trdMatchID": "da4e8ff8-8e60-efe2-0816-3d10052d0979",
        "grossValue": 17607144,
        "homeNotional": 0.17607144,
        "foreignNotional": 1002
    },
    {
        "timestamp": "2019-05-03T12:01:13.439Z",
        "symbol": "XBTUSD",
        "side": "Sell",
        "size": 1002,
        "price": 5691,
        "tickDirection": "ZeroMinusTick",
        "trdMatchID": "9d75dabd-6dbb-b0c2-5d80-48458abe5b58",
        "grossValue": 17607144,
        "homeNotional": 0.17607144,
        "foreignNotional": 1002
    },
    {
        "timestamp": "2019-05-03T12:01:13.439Z",
        "symbol": "XBTUSD",
        "side": "Sell",
        "size": 1002,
        "price": 5691,
        "tickDirection": "ZeroMinusTick",
        "trdMatchID": "616a6894-a5f8-7f90-c7ee-ce077a4c0165",
        "grossValue": 17607144,
        "homeNotional": 0.17607144,
        "foreignNotional": 1002
    },
    {
        "timestamp": "2019-05-03T12:01:13.439Z",
        "symbol": "XBTUSD",
        "side": "Sell",
        "size": 1002,
        "price": 5691,
        "tickDirection": "ZeroMinusTick",
        "trdMatchID": "b583d001-91bb-4af7-7c67-5f0e447276e0",
        "grossValue": 17607144,
        "homeNotional": 0.17607144,
        "foreignNotional": 1002
    },
    {
        "timestamp": "2019-05-03T12:01:13.439Z",
        "symbol": "XBTUSD",
        "side": "Sell",
        "size": 3333,
        "price": 5691,
        "tickDirection": "ZeroMinusTick",
        "trdMatchID": "ac698178-222d-877b-a683-59de45942f88",
        "grossValue": 58567476,
        "homeNotional": 0.58567476,
        "foreignNotional": 3333
    },
    {
        "timestamp": "2019-05-03T12:01:13.439Z",
        "symbol": "XBTUSD",
        "side": "Sell",
        "size": 3,
        "price": 5691,
        "tickDirection": "ZeroMinusTick",
        "trdMatchID": "b857b4c8-39e2-a6de-e75f-4d2352602e48",
        "grossValue": 52716,
        "homeNotional": 0.00052716,
        "foreignNotional": 3
    },
    {
        "timestamp": "2019-05-03T12:01:13.439Z",
        "symbol": "XBTUSD",
        "side": "Sell",
        "size": 32385,
        "price": 5691,
        "tickDirection": "ZeroMinusTick",
        "trdMatchID": "f79fc88e-a4a1-bf38-2f87-e2061545b512",
        "grossValue": 569069220,
        "homeNotional": 5.6906922,
        "foreignNotional": 32385
    },
    {
        "timestamp": "2019-05-03T12:01:13.439Z",
        "symbol": "XBTUSD",
        "side": "Sell",
        "size": 2,
        "price": 5691,
        "tickDirection": "ZeroMinusTick",
        "trdMatchID": "b1791f80-4980-4407-3c2e-2a83fcfd5370",
        "grossValue": 35144,
        "homeNotional": 0.00035144,
        "foreignNotional": 2
    },
    {
        "timestamp": "2019-05-03T12:01:13.439Z",
        "symbol": "XBTUSD",
        "side": "Sell",
        "size": 400,
        "price": 5691,
        "tickDirection": "ZeroMinusTick",
        "trdMatchID": "7253080c-6285-a5ae-8b91-767812a2ea2a",
        "grossValue": 7028800,
        "homeNotional": 0.070288,
        "foreignNotional": 400
    },
    {
        "timestamp": "2019-05-03T12:01:13.439Z",
        "symbol": "XBTUSD",
        "side": "Sell",
        "size": 800,
        "price": 5691,
        "tickDirection": "ZeroMinusTick",
        "trdMatchID": "99b9ee7d-5302-d39e-ea9e-941bc3a54ce9",
        "grossValue": 14057600,
        "homeNotional": 0.140576,
        "foreignNotional": 800
    },
    {
        "timestamp": "2019-05-03T12:01:13.439Z",
        "symbol": "XBTUSD",
        "side": "Sell",
        "size": 840,
        "price": 5691,
        "tickDirection": "ZeroMinusTick",
        "trdMatchID": "954aba7f-173a-e486-ac85-91dbb4dd90ea",
        "grossValue": 14760480,
        "homeNotional": 0.1476048,
        "foreignNotional": 840
    },
    {
        "timestamp": "2019-05-03T12:01:13.439Z",
        "symbol": "XBTUSD",
        "side": "Sell",
        "size": 10000,
        "price": 5691,
        "tickDirection": "ZeroMinusTick",
        "trdMatchID": "f6a4ebb0-c40d-b444-8f12-a1d178eacab1",
        "grossValue": 175720000,
        "homeNotional": 1.7572,
        "foreignNotional": 10000
    },
    {
        "timestamp": "2019-05-03T12:01:13.439Z",
        "symbol": "XBTUSD",
        "side": "Sell",
        "size": 33961,
        "price": 5690.5,
        "tickDirection": "MinusTick",
        "trdMatchID": "981a1a02-e61f-f5e0-2ee3-ac15229b7222",
        "grossValue": 596796653,
        "homeNotional": 5.96796653,
        "foreignNotional": 33961
    },
    {
        "timestamp": "2019-05-03T12:01:13.439Z",
        "symbol": "XBTUSD",
        "side": "Sell",
        "size": 20,
        "price": 5690.5,
        "tickDirection": "ZeroMinusTick",
        "trdMatchID": "0505fc4c-2c1a-ca66-2137-47f480471a5b",
        "grossValue": 351460,
        "homeNotional": 0.0035146,
        "foreignNotional": 20
    },
    {
        "timestamp": "2019-05-03T12:01:13.439Z",
        "symbol": "XBTUSD",
        "side": "Sell",
        "size": 60,
        "price": 5690.5,
        "tickDirection": "ZeroMinusTick",
        "trdMatchID": "24677687-e326-ca22-4455-4431ee478488",
        "grossValue": 1054380,
        "homeNotional": 0.0105438,
        "foreignNotional": 60
    },
    {
        "timestamp": "2019-05-03T12:01:13.439Z",
        "symbol": "XBTUSD",
        "side": "Sell",
        "size": 600,
        "price": 5690.5,
        "tickDirection": "ZeroMinusTick",
        "trdMatchID": "cba5ee59-3165-a00f-d932-5b9b9b5523f1",
        "grossValue": 10543800,
        "homeNotional": 0.105438,
        "foreignNotional": 600
    },
    {
        "timestamp": "2019-05-03T12:01:13.439Z",
        "symbol": "XBTUSD",
        "side": "Sell",
        "size": 400,
        "price": 5690.5,
        "tickDirection": "ZeroMinusTick",
        "trdMatchID": "6730fdee-b361-cbdd-3b87-13af457fe8fb",
        "grossValue": 7029200,
        "homeNotional": 0.070292,
        "foreignNotional": 400
    },
    {
        "timestamp": "2019-05-03T12:01:13.439Z",
        "symbol": "XBTUSD",
        "side": "Sell",
        "size": 3,
        "price": 5690.5,
        "tickDirection": "ZeroMinusTick",
        "trdMatchID": "b4c8ea34-3413-14e2-606f-0d184613ddac",
        "grossValue": 52719,
        "homeNotional": 0.00052719,
        "foreignNotional": 3
    },
    {
        "timestamp": "2019-05-03T12:01:13.439Z",
        "symbol": "XBTUSD",
        "side": "Sell",
        "size": 48,
        "price": 5690.5,
        "tickDirection": "ZeroMinusTick",
        "trdMatchID": "77483644-7b34-a9bb-571c-cb2e9ab31fcb",
        "grossValue": 843504,
        "homeNotional": 0.00843504,
        "foreignNotional": 48
    },
    {
        "timestamp": "2019-05-03T12:01:13.439Z",
        "symbol": "XBTUSD",
        "side": "Sell",
        "size": 6294,
        "price": 5690.5,
        "tickDirection": "ZeroMinusTick",
        "trdMatchID": "e8431cda-d4d9-10a8-e61c-9969b4278fbe",
        "grossValue": 110604462,
        "homeNotional": 1.10604462,
        "foreignNotional": 6294
    },
    {
        "timestamp": "2019-05-03T12:01:13.439Z",
        "symbol": "XBTUSD",
        "side": "Sell",
        "size": 10000,
        "price": 5690.5,
        "tickDirection": "ZeroMinusTick",
        "trdMatchID": "30a838d4-e7b9-76f6-6170-1cee5fd783f4",
        "grossValue": 175730000,
        "homeNotional": 1.7573,
        "foreignNotional": 10000
    },
    {
        "timestamp": "2019-05-03T12:01:13.439Z",
        "symbol": "XBTUSD",
        "side": "Sell",
        "size": 10000,
        "price": 5690.5,
        "tickDirection": "ZeroMinusTick",
        "trdMatchID": "8d660c80-37d5-dace-5ac7-a5bfaf225cdf",
        "grossValue": 175730000,
        "homeNotional": 1.7573,
        "foreignNotional": 10000
    },
    {
        "timestamp": "2019-05-03T12:01:13.439Z",
        "symbol": "XBTUSD",
        "side": "Sell",
        "size": 18,
        "price": 5690.5,
        "tickDirection": "ZeroMinusTick",
        "trdMatchID": "71e7d7c8-d642-2ece-71a6-29e2abfb1f47",
        "grossValue": 316314,
        "homeNotional": 0.00316314,
        "foreignNotional": 18
    },
    {
        "timestamp": "2019-05-03T12:01:13.439Z",
        "symbol": "XBTUSD",
        "side": "Sell",
        "size": 50,
        "price": 5690.5,
        "tickDirection": "ZeroMinusTick",
        "trdMatchID": "26954b1b-ff44-e289-a772-17bd239136cc",
        "grossValue": 878650,
        "homeNotional": 0.0087865,
        "foreignNotional": 50
    },
    {
        "timestamp": "2019-05-03T12:01:13.439Z",
        "symbol": "XBTUSD",
        "side": "Sell",
        "size": 120,
        "price": 5690.5,
        "tickDirection": "ZeroMinusTick",
        "trdMatchID": "6d0cd08c-edd7-8234-794b-c1f81ee7c7b4",
        "grossValue": 2108760,
        "homeNotional": 0.0210876,
        "foreignNotional": 120
    },
    {
        "timestamp": "2019-05-03T12:01:13.439Z",
        "symbol": "XBTUSD",
        "side": "Sell",
        "size": 1000,
        "price": 5690.5,
        "tickDirection": "ZeroMinusTick",
        "trdMatchID": "1a82f1a1-9a03-d361-dc5f-e52abd1d1c9f",
        "grossValue": 17573000,
        "homeNotional": 0.17573,
        "foreignNotional": 1000
    },
    {
        "timestamp": "2019-05-03T12:01:13.439Z",
        "symbol": "XBTUSD",
        "side": "Sell",
        "size": 246,
        "price": 5690.5,
        "tickDirection": "ZeroMinusTick",
        "trdMatchID": "6413ae1a-6b6f-1f2b-c318-c42e8a2db786",
        "grossValue": 4322958,
        "homeNotional": 0.04322958,
        "foreignNotional": 246
    },
    {
        "timestamp": "2019-05-03T12:01:13.439Z",
        "symbol": "XBTUSD",
        "side": "Sell",
        "size": 500,
        "price": 5690.5,
        "tickDirection": "ZeroMinusTick",
        "trdMatchID": "edfd704b-9134-ee3c-0e59-2c08d0b66b3c",
        "grossValue": 8786500,
        "homeNotional": 0.087865,
        "foreignNotional": 500
    },
    {
        "timestamp": "2019-05-03T12:01:13.439Z",
        "symbol": "XBTUSD",
        "side": "Sell",
        "size": 100,
        "price": 5690.5,
        "tickDirection": "ZeroMinusTick",
        "trdMatchID": "75197ffc-c624-2b22-dea8-12c27983a8cc",
        "grossValue": 1757300,
        "homeNotional": 0.017573,
        "foreignNotional": 100
    },
    {
        "timestamp": "2019-05-03T12:01:13.439Z",
        "symbol": "XBTUSD",
        "side": "Sell",
        "size": 1617,
        "price": 5690.5,
        "tickDirection": "ZeroMinusTick",
        "trdMatchID": "315a61de-6cb9-3b39-8592-a5267d5af6c9",
        "grossValue": 28415541,
        "homeNotional": 0.28415541,
        "foreignNotional": 1617
    },
    {
        "timestamp": "2019-05-03T12:01:13.439Z",
        "symbol": "XBTUSD",
        "side": "Sell",
        "size": 125,
        "price": 5690.5,
        "tickDirection": "ZeroMinusTick",
        "trdMatchID": "4e9db24b-3a95-ef9d-54a9-ba613c0b610e",
        "grossValue": 2196625,
        "homeNotional": 0.02196625,
        "foreignNotional": 125
    },
    {
        "timestamp": "2019-05-03T12:01:13.439Z",
        "symbol": "XBTUSD",
        "side": "Sell",
        "size": 1298,
        "price": 5690.5,
        "tickDirection": "ZeroMinusTick",
        "trdMatchID": "4219eaac-b6f3-1694-cff3-907e9f0d993c",
        "grossValue": 22809754,
        "homeNotional": 0.22809754,
        "foreignNotional": 1298
    },
    {
        "timestamp": "2019-05-03T12:01:13.439Z",
        "symbol": "XBTUSD",
        "side": "Sell",
        "size": 10,
        "price": 5690.5,
        "tickDirection": "ZeroMinusTick",
        "trdMatchID": "a7fe2632-ed41-c513-01ae-17086bb8964c",
        "grossValue": 175730,
        "homeNotional": 0.0017573,
        "foreignNotional": 10
    },
    {
        "timestamp": "2019-05-03T12:01:13.439Z",
        "symbol": "XBTUSD",
        "side": "Sell",
        "size": 31,
        "price": 5690.5,
        "tickDirection": "ZeroMinusTick",
        "trdMatchID": "3a1316ce-c710-3912-78ad-a2fd1b0ab931",
        "grossValue": 544763,
        "homeNotional": 0.00544763,
        "foreignNotional": 31
    },
    {
        "timestamp": "2019-05-03T12:01:13.439Z",
        "symbol": "XBTUSD",
        "side": "Sell",
        "size": 14000,
        "price": 5690.5,
        "tickDirection": "ZeroMinusTick",
        "trdMatchID": "15baf403-56e7-21fb-fb01-c392fa7fa46f",
        "grossValue": 246022000,
        "homeNotional": 2.46022,
        "foreignNotional": 14000
    },
    {
        "timestamp": "2019-05-03T12:01:13.439Z",
        "symbol": "XBTUSD",
        "side": "Sell",
        "size": 500,
        "price": 5690.5,
        "tickDirection": "ZeroMinusTick",
        "trdMatchID": "ab5a0e5d-963a-b849-c76b-f6f047287b5e",
        "grossValue": 8786500,
        "homeNotional": 0.087865,
        "foreignNotional": 500
    },
    {
        "timestamp": "2019-05-03T12:01:13.439Z",
        "symbol": "XBTUSD",
        "side": "Sell",
        "size": 300,
        "price": 5690.5,
        "tickDirection": "ZeroMinusTick",
        "trdMatchID": "ca1d6078-3096-ac94-2e17-73fea0fb0861",
        "grossValue": 5271900,
        "homeNotional": 0.052719,
        "foreignNotional": 300
    },
    {
        "timestamp": "2019-05-03T12:01:13.439Z",
        "symbol": "XBTUSD",
        "side": "Sell",
        "size": 81,
        "price": 5690.5,
        "tickDirection": "ZeroMinusTick",
        "trdMatchID": "5d68d1db-2c50-75ef-6a32-fc8225d37000",
        "grossValue": 1423413,
        "homeNotional": 0.01423413,
        "foreignNotional": 81
    },
    {
        "timestamp": "2019-05-03T12:01:13.439Z",
        "symbol": "XBTUSD",
        "side": "Sell",
        "size": 50,
        "price": 5690.5,
        "tickDirection": "ZeroMinusTick",
        "trdMatchID": "6827d477-7efa-3366-32c6-83de6ce0612d",
        "grossValue": 878650,
        "homeNotional": 0.0087865,
        "foreignNotional": 50
    },
    {
        "timestamp": "2019-05-03T12:01:13.439Z",
        "symbol": "XBTUSD",
        "side": "Sell",
        "size": 300,
        "price": 5690,
        "tickDirection": "MinusTick",
        "trdMatchID": "2fe04eaa-5326-97d3-83e9-001976d55cb8",
        "grossValue": 5272500,
        "homeNotional": 0.052725,
        "foreignNotional": 300
    },
    {
        "timestamp": "2019-05-03T12:01:13.439Z",
        "symbol": "XBTUSD",
        "side": "Sell",
        "size": 150,
        "price": 5690,
        "tickDirection": "ZeroMinusTick",
        "trdMatchID": "0239d66b-4197-c502-f819-a22f0b1702ab",
        "grossValue": 2636250,
        "homeNotional": 0.0263625,
        "foreignNotional": 150
    },
    {
        "timestamp": "2019-05-03T12:01:13.439Z",
        "symbol": "XBTUSD",
        "side": "Sell",
        "size": 1000,
        "price": 5690,
        "tickDirection": "ZeroMinusTick",
        "trdMatchID": "923cb05e-f4df-a736-e2c4-e98f22906535",
        "grossValue": 17575000,
        "homeNotional": 0.17575,
        "foreignNotional": 1000
    },
    {
        "timestamp": "2019-05-03T12:01:13.439Z",
        "symbol": "XBTUSD",
        "side": "Sell",
        "size": 113,
        "price": 5690,
        "tickDirection": "ZeroMinusTick",
        "trdMatchID": "b38c9b07-8611-b26c-8544-4cb960cc7cfd",
        "grossValue": 1985975,
        "homeNotional": 0.01985975,
        "foreignNotional": 113
    },
    {
        "timestamp": "2019-05-03T12:01:13.439Z",
        "symbol": "XBTUSD",
        "side": "Sell",
        "size": 15,
        "price": 5690,
        "tickDirection": "ZeroMinusTick",
        "trdMatchID": "d1306220-729f-30f7-080d-f4744b6e84c3",
        "grossValue": 263625,
        "homeNotional": 0.00263625,
        "foreignNotional": 15
    },
    {
        "timestamp": "2019-05-03T12:01:13.439Z",
        "symbol": "XBTUSD",
        "side": "Sell",
        "size": 35,
        "price": 5690,
        "tickDirection": "ZeroMinusTick",
        "trdMatchID": "04fd1db3-8a47-2f35-9e5c-51a50639397c",
        "grossValue": 615125,
        "homeNotional": 0.00615125,
        "foreignNotional": 35
    },
    {
        "timestamp": "2019-05-03T12:01:13.439Z",
        "symbol": "XBTUSD",
        "side": "Sell",
        "size": 50,
        "price": 5690,
        "tickDirection": "ZeroMinusTick",
        "trdMatchID": "508fa260-a9b8-8508-2c12-108578e85e98",
        "grossValue": 878750,
        "homeNotional": 0.0087875,
        "foreignNotional": 50
    },
    {
        "timestamp": "2019-05-03T12:01:13.439Z",
        "symbol": "XBTUSD",
        "side": "Sell",
        "size": 1500,
        "price": 5690,
        "tickDirection": "ZeroMinusTick",
        "trdMatchID": "7d7a9da9-e9b4-5837-7460-c692f00d6eb2",
        "grossValue": 26362500,
        "homeNotional": 0.263625,
        "foreignNotional": 1500
    },
    {
        "timestamp": "2019-05-03T12:01:13.439Z",
        "symbol": "XBTUSD",
        "side": "Sell",
        "size": 2000,
        "price": 5690,
        "tickDirection": "ZeroMinusTick",
        "trdMatchID": "7e15e961-342f-389d-27fe-333326239b08",
        "grossValue": 35150000,
        "homeNotional": 0.3515,
        "foreignNotional": 2000
    },
    {
        "timestamp": "2019-05-03T12:01:13.439Z",
        "symbol": "XBTUSD",
        "side": "Sell",
        "size": 5000,
        "price": 5690,
        "tickDirection": "ZeroMinusTick",
        "trdMatchID": "aea575d4-0764-d7f8-b159-0778c9883eb7",
        "grossValue": 87875000,
        "homeNotional": 0.87875,
        "foreignNotional": 5000
    },
    {
        "timestamp": "2019-05-03T12:01:13.439Z",
        "symbol": "XBTUSD",
        "side": "Sell",
        "size": 10000,
        "price": 5690,
        "tickDirection": "ZeroMinusTick",
        "trdMatchID": "72cd234c-3185-b951-bd3d-d4bfa51d0d1c",
        "grossValue": 175750000,
        "homeNotional": 1.7575,
        "foreignNotional": 10000
    },
    {
        "timestamp": "2019-05-03T12:01:13.439Z",
        "symbol": "XBTUSD",
        "side": "Sell",
        "size": 501,
        "price": 5690,
        "tickDirection": "ZeroMinusTick",
        "trdMatchID": "85728b3d-b42f-d67d-b43f-7d1f5a2d4181",
        "grossValue": 8805075,
        "homeNotional": 0.08805075,
        "foreignNotional": 501
    },
    {
        "timestamp": "2019-05-03T12:01:13.439Z",
        "symbol": "XBTUSD",
        "side": "Sell",
        "size": 6500,
        "price": 5690,
        "tickDirection": "ZeroMinusTick",
        "trdMatchID": "9fd96ca5-2488-35e2-059f-0df5f434ef51",
        "grossValue": 114237500,
        "homeNotional": 1.142375,
        "foreignNotional": 6500
    },
    {
        "timestamp": "2019-05-03T12:01:13.439Z",
        "symbol": "XBTUSD",
        "side": "Sell",
        "size": 1037,
        "price": 5690,
        "tickDirection": "ZeroMinusTick",
        "trdMatchID": "ed6f4395-9bd6-b316-2d91-9e5301e79c38",
        "grossValue": 18225275,
        "homeNotional": 0.18225275,
        "foreignNotional": 1037
    },
    {
        "timestamp": "2019-05-03T12:01:13.439Z",
        "symbol": "XBTUSD",
        "side": "Sell",
        "size": 767,
        "price": 5690,
        "tickDirection": "ZeroMinusTick",
        "trdMatchID": "2f9e2727-2288-ee1e-1202-b4a504b74648",
        "grossValue": 13480025,
        "homeNotional": 0.13480025,
        "foreignNotional": 767
    },
    {
        "timestamp": "2019-05-03T12:01:13.439Z",
        "symbol": "XBTUSD",
        "side": "Sell",
        "size": 545,
        "price": 5690,
        "tickDirection": "ZeroMinusTick",
        "trdMatchID": "d1492f62-9469-0cde-868a-4e0adf0a4097",
        "grossValue": 9578375,
        "homeNotional": 0.09578375,
        "foreignNotional": 545
    },
    {
        "timestamp": "2019-05-03T12:01:13.439Z",
        "symbol": "XBTUSD",
        "side": "Sell",
        "size": 543,
        "price": 5690,
        "tickDirection": "ZeroMinusTick",
        "trdMatchID": "bc85100f-bc35-e282-7b57-31d73207ed1c",
        "grossValue": 9543225,
        "homeNotional": 0.09543225,
        "foreignNotional": 543
    },
    {
        "timestamp": "2019-05-03T12:01:13.439Z",
        "symbol": "XBTUSD",
        "side": "Sell",
        "size": 767,
        "price": 5690,
        "tickDirection": "ZeroMinusTick",
        "trdMatchID": "a70399a6-2ad0-1275-208a-5c822c23c679",
        "grossValue": 13480025,
        "homeNotional": 0.13480025,
        "foreignNotional": 767
    },
    {
        "timestamp": "2019-05-03T12:01:13.439Z",
        "symbol": "XBTUSD",
        "side": "Sell",
        "size": 766,
        "price": 5690,
        "tickDirection": "ZeroMinusTick",
        "trdMatchID": "b02bbf9b-a9d0-0896-cf76-2361fff3fddb",
        "grossValue": 13462450,
        "homeNotional": 0.1346245,
        "foreignNotional": 766
    },
    {
        "timestamp": "2019-05-03T12:01:13.439Z",
        "symbol": "XBTUSD",
        "side": "Sell",
        "size": 771,
        "price": 5690,
        "tickDirection": "ZeroMinusTick",
        "trdMatchID": "511a90c1-54a2-28e0-7ab9-98ddb57ecae1",
        "grossValue": 13550325,
        "homeNotional": 0.13550325,
        "foreignNotional": 771
    },
    {
        "timestamp": "2019-05-03T12:01:13.439Z",
        "symbol": "XBTUSD",
        "side": "Sell",
        "size": 548,
        "price": 5690,
        "tickDirection": "ZeroMinusTick",
        "trdMatchID": "8149dab8-1d61-c8f0-405b-4eaaac1ed141",
        "grossValue": 9631100,
        "homeNotional": 0.096311,
        "foreignNotional": 548
    },
    {
        "timestamp": "2019-05-03T12:01:13.439Z",
        "symbol": "XBTUSD",
        "side": "Sell",
        "size": 641,
        "price": 5690,
        "tickDirection": "ZeroMinusTick",
        "trdMatchID": "d0b6cbee-6c09-6346-f6ab-4f1576031c55",
        "grossValue": 11265575,
        "homeNotional": 0.11265575,
        "foreignNotional": 641
    },
    {
        "timestamp": "2019-05-03T12:01:13.439Z",
        "symbol": "XBTUSD",
        "side": "Sell",
        "size": 1085,
        "price": 5690,
        "tickDirection": "ZeroMinusTick",
        "trdMatchID": "1b8881b4-63eb-ebc8-51c6-35fef65f1385",
        "grossValue": 19068875,
        "homeNotional": 0.19068875,
        "foreignNotional": 1085
    },
    {
        "timestamp": "2019-05-03T12:01:13.439Z",
        "symbol": "XBTUSD",
        "side": "Sell",
        "size": 540,
        "price": 5690,
        "tickDirection": "ZeroMinusTick",
        "trdMatchID": "587731d4-db75-2ae3-37d7-ec438e6bf11b",
        "grossValue": 9490500,
        "homeNotional": 0.094905,
        "foreignNotional": 540
    },
    {
        "timestamp": "2019-05-03T12:01:13.439Z",
        "symbol": "XBTUSD",
        "side": "Sell",
        "size": 541,
        "price": 5690,
        "tickDirection": "ZeroMinusTick",
        "trdMatchID": "7cab2a2c-4a9c-fdcc-3942-ae7cbd720077",
        "grossValue": 9508075,
        "homeNotional": 0.09508075,
        "foreignNotional": 541
    },
    {
        "timestamp": "2019-05-03T12:01:13.439Z",
        "symbol": "XBTUSD",
        "side": "Sell",
        "size": 548,
        "price": 5690,
        "tickDirection": "ZeroMinusTick",
        "trdMatchID": "409b5515-8323-fed2-9415-367601402b53",
        "grossValue": 9631100,
        "homeNotional": 0.096311,
        "foreignNotional": 548
    },
    {
        "timestamp": "2019-05-03T12:01:13.439Z",
        "symbol": "XBTUSD",
        "side": "Sell",
        "size": 773,
        "price": 5690,
        "tickDirection": "ZeroMinusTick",
        "trdMatchID": "3d4c528f-a492-8c17-30c0-45b9465795da",
        "grossValue": 13585475,
        "homeNotional": 0.13585475,
        "foreignNotional": 773
    },
    {
        "timestamp": "2019-05-03T12:01:13.439Z",
        "symbol": "XBTUSD",
        "side": "Sell",
        "size": 542,
        "price": 5690,
        "tickDirection": "ZeroMinusTick",
        "trdMatchID": "a99e9fdf-c8e2-84a3-13ba-49cf39962e71",
        "grossValue": 9525650,
        "homeNotional": 0.0952565,
        "foreignNotional": 542
    },
    {
        "timestamp": "2019-05-03T12:01:13.439Z",
        "symbol": "XBTUSD",
        "side": "Sell",
        "size": 992,
        "price": 5690,
        "tickDirection": "ZeroMinusTick",
        "trdMatchID": "ebbaccc0-b2d4-8413-f656-e6ad4bab58be",
        "grossValue": 17434400,
        "homeNotional": 0.174344,
        "foreignNotional": 992
    },
    {
        "timestamp": "2019-05-03T12:01:13.439Z",
        "symbol": "XBTUSD",
        "side": "Sell",
        "size": 636,
        "price": 5690,
        "tickDirection": "ZeroMinusTick",
        "trdMatchID": "522130f4-ac04-0f93-e786-e64a78534b6b",
        "grossValue": 11177700,
        "homeNotional": 0.111777,
        "foreignNotional": 636
    },
    {
        "timestamp": "2019-05-03T12:01:13.439Z",
        "symbol": "XBTUSD",
        "side": "Sell",
        "size": 543,
        "price": 5690,
        "tickDirection": "ZeroMinusTick",
        "trdMatchID": "8d0a035c-fdf0-c1a9-f57f-1064c03c526a",
        "grossValue": 9543225,
        "homeNotional": 0.09543225,
        "foreignNotional": 543
    },
    {
        "timestamp": "2019-05-03T12:01:13.439Z",
        "symbol": "XBTUSD",
        "side": "Sell",
        "size": 773,
        "price": 5690,
        "tickDirection": "ZeroMinusTick",
        "trdMatchID": "259f14f4-3fea-2d98-6599-2444e6cd9c88",
        "grossValue": 13585475,
        "homeNotional": 0.13585475,
        "foreignNotional": 773
    },
    {
        "timestamp": "2019-05-03T12:01:13.439Z",
        "symbol": "XBTUSD",
        "side": "Sell",
        "size": 541,
        "price": 5690,
        "tickDirection": "ZeroMinusTick",
        "trdMatchID": "01666cee-dd5e-5bd7-142f-d10a4e483579",
        "grossValue": 9508075,
        "homeNotional": 0.09508075,
        "foreignNotional": 541
    },
    {
        "timestamp": "2019-05-03T12:01:13.439Z",
        "symbol": "XBTUSD",
        "side": "Sell",
        "size": 768,
        "price": 5690,
        "tickDirection": "ZeroMinusTick",
        "trdMatchID": "4ef9d78c-3b50-8ef8-e978-b021d994665d",
        "grossValue": 13497600,
        "homeNotional": 0.134976,
        "foreignNotional": 768
    },
    {
        "timestamp": "2019-05-03T12:01:13.439Z",
        "symbol": "XBTUSD",
        "side": "Sell",
        "size": 541,
        "price": 5690,
        "tickDirection": "ZeroMinusTick",
        "trdMatchID": "05fbd7c1-71f8-dea5-41ce-66558c7e67c4",
        "grossValue": 9508075,
        "homeNotional": 0.09508075,
        "foreignNotional": 541
    },
    {
        "timestamp": "2019-05-03T12:01:13.439Z",
        "symbol": "XBTUSD",
        "side": "Sell",
        "size": 668,
        "price": 5690,
        "tickDirection": "ZeroMinusTick",
        "trdMatchID": "660c6bae-a2e6-ad28-0762-596188cb7314",
        "grossValue": 11740100,
        "homeNotional": 0.117401,
        "foreignNotional": 668
    },
    {
        "timestamp": "2019-05-03T12:01:13.439Z",
        "symbol": "XBTUSD",
        "side": "Sell",
        "size": 2,
        "price": 5690,
        "tickDirection": "ZeroMinusTick",
        "trdMatchID": "6ce5154a-a671-263e-e326-600727586f29",
        "grossValue": 35150,
        "homeNotional": 0.0003515,
        "foreignNotional": 2
    },
    {
        "timestamp": "2019-05-03T12:01:13.439Z",
        "symbol": "XBTUSD",
        "side": "Sell",
        "size": 10598,
        "price": 5690,
        "tickDirection": "ZeroMinusTick",
        "trdMatchID": "de40b072-9611-8f21-b194-597424e26fdb",
        "grossValue": 186259850,
        "homeNotional": 1.8625985,
        "foreignNotional": 10598
    },
    {
        "timestamp": "2019-05-03T12:01:13.439Z",
        "symbol": "XBTUSD",
        "side": "Sell",
        "size": 5000,
        "price": 5690,
        "tickDirection": "ZeroMinusTick",
        "trdMatchID": "16ac28b2-fc08-300e-04e6-3036b7fbb141",
        "grossValue": 87875000,
        "homeNotional": 0.87875,
        "foreignNotional": 5000
    },
    {
        "timestamp": "2019-05-03T12:01:13.439Z",
        "symbol": "XBTUSD",
        "side": "Sell",
        "size": 2000,
        "price": 5690,
        "tickDirection": "ZeroMinusTick",
        "trdMatchID": "5cf22aa0-e229-4876-3125-e15dd1100254",
        "grossValue": 35150000,
        "homeNotional": 0.3515,
        "foreignNotional": 2000
    },
    {
        "timestamp": "2019-05-03T12:01:13.439Z",
        "symbol": "XBTUSD",
        "side": "Sell",
        "size": 50,
        "price": 5690,
        "tickDirection": "ZeroMinusTick",
        "trdMatchID": "8771c7c9-ce68-02e2-8e33-a444290dc2e6",
        "grossValue": 878750,
        "homeNotional": 0.0087875,
        "foreignNotional": 50
    },
    {
        "timestamp": "2019-05-03T12:01:13.439Z",
        "symbol": "XBTUSD",
        "side": "Sell",
        "size": 20000,
        "price": 5690,
        "tickDirection": "ZeroMinusTick",
        "trdMatchID": "f9604aec-6d67-850c-b23a-d8770820a8ae",
        "grossValue": 351500000,
        "homeNotional": 3.515,
        "foreignNotional": 20000
    },
    {
        "timestamp": "2019-05-03T12:01:13.439Z",
        "symbol": "XBTUSD",
        "side": "Sell",
        "size": 6000,
        "price": 5690,
        "tickDirection": "ZeroMinusTick",
        "trdMatchID": "9f428266-7c54-d88d-0c61-6be7f4b2e66a",
        "grossValue": 105450000,
        "homeNotional": 1.0545,
        "foreignNotional": 6000
    },
    {
        "timestamp": "2019-05-03T12:01:13.439Z",
        "symbol": "XBTUSD",
        "side": "Sell",
        "size": 54,
        "price": 5690,
        "tickDirection": "ZeroMinusTick",
        "trdMatchID": "e7bee1ba-5603-9672-4fc3-f1c89aa37c3b",
        "grossValue": 949050,
        "homeNotional": 0.0094905,
        "foreignNotional": 54
    },
    {
        "timestamp": "2019-05-03T12:01:13.439Z",
        "symbol": "XBTUSD",
        "side": "Sell",
        "size": 1400,
        "price": 5690,
        "tickDirection": "ZeroMinusTick",
        "trdMatchID": "c4713697-2f52-b486-efa7-20d542eb1cb6",
        "grossValue": 24605000,
        "homeNotional": 0.24605,
        "foreignNotional": 1400
    },
    {
        "timestamp": "2019-05-03T12:01:13.439Z",
        "symbol": "XBTUSD",
        "side": "Sell",
        "size": 300,
        "price": 5690,
        "tickDirection": "ZeroMinusTick",
        "trdMatchID": "bfbeb5e9-4d16-f711-743a-25d260024f0b",
        "grossValue": 5272500,
        "homeNotional": 0.052725,
        "foreignNotional": 300
    },
    {
        "timestamp": "2019-05-03T12:01:13.439Z",
        "symbol": "XBTUSD",
        "side": "Sell",
        "size": 120,
        "price": 5690,
        "tickDirection": "ZeroMinusTick",
        "trdMatchID": "0e0ef289-0739-a3ba-0cc0-ab8a695b6b79",
        "grossValue": 2109000,
        "homeNotional": 0.02109,
        "foreignNotional": 120
    },
    {
        "timestamp": "2019-05-03T12:01:13.439Z",
        "symbol": "XBTUSD",
        "side": "Sell",
        "size": 4500,
        "price": 5690,
        "tickDirection": "ZeroMinusTick",
        "trdMatchID": "8f7b1c4b-cbcf-fad2-5f93-e852c2402bf8",
        "grossValue": 79087500,
        "homeNotional": 0.790875,
        "foreignNotional": 4500
    },
    {
        "timestamp": "2019-05-03T12:01:13.439Z",
        "symbol": "XBTUSD",
        "side": "Sell",
        "size": 7000,
        "price": 5690,
        "tickDirection": "ZeroMinusTick",
        "trdMatchID": "1a716728-e985-3d0e-e0ad-d03dc7ba5862",
        "grossValue": 123025000,
        "homeNotional": 1.23025,
        "foreignNotional": 7000
    },
    {
        "timestamp": "2019-05-03T12:01:13.439Z",
        "symbol": "XBTUSD",
        "side": "Sell",
        "size": 2000,
        "price": 5690,
        "tickDirection": "ZeroMinusTick",
        "trdMatchID": "f1f7f6f8-9c94-5fb4-d95c-67f7a182fece",
        "grossValue": 35150000,
        "homeNotional": 0.3515,
        "foreignNotional": 2000
    },
    {
        "timestamp": "2019-05-03T12:01:13.439Z",
        "symbol": "XBTUSD",
        "side": "Sell",
        "size": 3000,
        "price": 5690,
        "tickDirection": "ZeroMinusTick",
        "trdMatchID": "d0f1bd51-e094-494b-6a08-0d1f04c6cd36",
        "grossValue": 52725000,
        "homeNotional": 0.52725,
        "foreignNotional": 3000
    },
    {
        "timestamp": "2019-05-03T12:01:13.439Z",
        "symbol": "XBTUSD",
        "side": "Sell",
        "size": 120,
        "price": 5690,
        "tickDirection": "ZeroMinusTick",
        "trdMatchID": "8ffb99db-12ed-aa40-b746-9aa14d64a40c",
        "grossValue": 2109000,
        "homeNotional": 0.02109,
        "foreignNotional": 120
    },
    {
        "timestamp": "2019-05-03T12:01:13.439Z",
        "symbol": "XBTUSD",
        "side": "Sell",
        "size": 1000,
        "price": 5690,
        "tickDirection": "ZeroMinusTick",
        "trdMatchID": "7c796dca-4cfa-d65d-1d21-f64ecf8bd5f7",
        "grossValue": 17575000,
        "homeNotional": 0.17575,
        "foreignNotional": 1000
    },
    {
        "timestamp": "2019-05-03T12:01:13.439Z",
        "symbol": "XBTUSD",
        "side": "Sell",
        "size": 3000,
        "price": 5690,
        "tickDirection": "ZeroMinusTick",
        "trdMatchID": "c853e7a2-e604-8c4c-e382-518148fa67c5",
        "grossValue": 52725000,
        "homeNotional": 0.52725,
        "foreignNotional": 3000
    },
    {
        "timestamp": "2019-05-03T12:01:13.439Z",
        "symbol": "XBTUSD",
        "side": "Sell",
        "size": 5000,
        "price": 5690,
        "tickDirection": "ZeroMinusTick",
        "trdMatchID": "720a3130-5eb4-74c3-3e14-c385ea783cfb",
        "grossValue": 87875000,
        "homeNotional": 0.87875,
        "foreignNotional": 5000
    },
    {
        "timestamp": "2019-05-03T12:01:13.439Z",
        "symbol": "XBTUSD",
        "side": "Sell",
        "size": 100,
        "price": 5690,
        "tickDirection": "ZeroMinusTick",
        "trdMatchID": "afca1017-e551-4903-3b6d-f475ee5aeea2",
        "grossValue": 1757500,
        "homeNotional": 0.017575,
        "foreignNotional": 100
    },
    {
        "timestamp": "2019-05-03T12:01:13.439Z",
        "symbol": "XBTUSD",
        "side": "Sell",
        "size": 1300,
        "price": 5690,
        "tickDirection": "ZeroMinusTick",
        "trdMatchID": "609c27f6-f936-e741-c36e-9a8209fe5756",
        "grossValue": 22847500,
        "homeNotional": 0.228475,
        "foreignNotional": 1300
    },
    {
        "timestamp": "2019-05-03T12:01:13.439Z",
        "symbol": "XBTUSD",
        "side": "Sell",
        "size": 1000,
        "price": 5690,
        "tickDirection": "ZeroMinusTick",
        "trdMatchID": "3bf75ba3-35aa-0761-77f2-0518ef7dc9e0",
        "grossValue": 17575000,
        "homeNotional": 0.17575,
        "foreignNotional": 1000
    },
    {
        "timestamp": "2019-05-03T12:01:13.439Z",
        "symbol": "XBTUSD",
        "side": "Sell",
        "size": 1000,
        "price": 5690,
        "tickDirection": "ZeroMinusTick",
        "trdMatchID": "48f7fd4f-1619-929d-cb1e-01ee54284b87",
        "grossValue": 17575000,
        "homeNotional": 0.17575,
        "foreignNotional": 1000
    },
    {
        "timestamp": "2019-05-03T12:01:13.439Z",
        "symbol": "XBTUSD",
        "side": "Sell",
        "size": 1649,
        "price": 5690,
        "tickDirection": "ZeroMinusTick",
        "trdMatchID": "b59a0534-a3e1-5f72-6d3f-4f7609deeb36",
        "grossValue": 28981175,
        "homeNotional": 0.28981175,
        "foreignNotional": 1649
    },
    {
        "timestamp": "2019-05-03T12:01:13.727Z",
        "symbol": "XBTUSD",
        "side": "Buy",
        "size": 7000,
        "price": 5690.5,
        "tickDirection": "PlusTick",
        "trdMatchID": "6b194f8b-d235-9602-9b44-1cbe38e1f1ba",
        "grossValue": 123011000,
        "homeNotional": 1.23011,
        "foreignNotional": 7000
    },
    {
        "timestamp": "2019-05-03T12:01:13.770Z",
        "symbol": "XBTUSD",
        "side": "Buy",
        "size": 6000,
        "price": 5690.5,
        "tickDirection": "ZeroPlusTick",
        "trdMatchID": "64133261-7a78-6618-7307-aa9807e77d4b",
        "grossValue": 105438000,
        "homeNotional": 1.05438,
        "foreignNotional": 6000
    },
    {
        "timestamp": "2019-05-03T12:01:13.888Z",
        "symbol": "XBTUSD",
        "side": "Sell",
        "size": 3351,
        "price": 5690,
        "tickDirection": "MinusTick",
        "trdMatchID": "7ed5e80a-dc31-2929-63f7-f8f7a16eef4b",
        "grossValue": 58893825,
        "homeNotional": 0.58893825,
        "foreignNotional": 3351
    },
    {
        "timestamp": "2019-05-03T12:01:13.888Z",
        "symbol": "XBTUSD",
        "side": "Sell",
        "size": 1500,
        "price": 5690,
        "tickDirection": "ZeroMinusTick",
        "trdMatchID": "42dce820-02ff-fe29-1e79-be2b6a539ee8",
        "grossValue": 26362500,
        "homeNotional": 0.263625,
        "foreignNotional": 1500
    },
    {
        "timestamp": "2019-05-03T12:01:13.888Z",
        "symbol": "XBTUSD",
        "side": "Sell",
        "size": 149,
        "price": 5690,
        "tickDirection": "ZeroMinusTick",
        "trdMatchID": "642e7a61-29ee-421e-8daf-0fc079ab3847",
        "grossValue": 2618675,
        "homeNotional": 0.02618675,
        "foreignNotional": 149
    },
    {
        "timestamp": "2019-05-03T12:01:14.065Z",
        "symbol": "XBTUSD",
        "side": "Sell",
        "size": 700,
        "price": 5690,
        "tickDirection": "ZeroMinusTick",
        "trdMatchID": "17bce62d-a046-bc33-a905-0012360e2f7f",
        "grossValue": 12302500,
        "homeNotional": 0.123025,
        "foreignNotional": 700
    },
    {
        "timestamp": "2019-05-03T12:01:14.077Z",
        "symbol": "XBTUSD",
        "side": "Sell",
        "size": 359,
        "price": 5690,
        "tickDirection": "ZeroMinusTick",
        "trdMatchID": "5d227e19-c92e-c964-409e-d274d900fc42",
        "grossValue": 6309425,
        "homeNotional": 0.06309425,
        "foreignNotional": 359
    },
    {
        "timestamp": "2019-05-03T12:01:14.077Z",
        "symbol": "XBTUSD",
        "side": "Sell",
        "size": 100,
        "price": 5690,
        "tickDirection": "ZeroMinusTick",
        "trdMatchID": "47c5427b-6b10-dbd3-9f99-5a5a32806c26",
        "grossValue": 1757500,
        "homeNotional": 0.017575,
        "foreignNotional": 100
    },
    {
        "timestamp": "2019-05-03T12:01:14.077Z",
        "symbol": "XBTUSD",
        "side": "Sell",
        "size": 83,
        "price": 5690,
        "tickDirection": "ZeroMinusTick",
        "trdMatchID": "d1e544b5-851a-90ae-afe6-50fff8f7481a",
        "grossValue": 1458725,
        "homeNotional": 0.01458725,
        "foreignNotional": 83
    },
    {
        "timestamp": "2019-05-03T12:01:14.077Z",
        "symbol": "XBTUSD",
        "side": "Sell",
        "size": 3000,
        "price": 5690,
        "tickDirection": "ZeroMinusTick",
        "trdMatchID": "db8c8ed7-8b2a-1158-2074-9128af152765",
        "grossValue": 52725000,
        "homeNotional": 0.52725,
        "foreignNotional": 3000
    },
    {
        "timestamp": "2019-05-03T12:01:14.077Z",
        "symbol": "XBTUSD",
        "side": "Sell",
        "size": 15000,
        "price": 5690,
        "tickDirection": "ZeroMinusTick",
        "trdMatchID": "95c0e183-84f2-58e0-2416-7ccedc0569ef",
        "grossValue": 263625000,
        "homeNotional": 2.63625,
        "foreignNotional": 15000
    },
    {
        "timestamp": "2019-05-03T12:01:14.077Z",
        "symbol": "XBTUSD",
        "side": "Sell",
        "size": 50,
        "price": 5690,
        "tickDirection": "ZeroMinusTick",
        "trdMatchID": "d5028bb6-2c22-1096-87b6-89f392fdd747",
        "grossValue": 878750,
        "homeNotional": 0.0087875,
        "foreignNotional": 50
    },
    {
        "timestamp": "2019-05-03T12:01:14.077Z",
        "symbol": "XBTUSD",
        "side": "Sell",
        "size": 1617,
        "price": 5690,
        "tickDirection": "ZeroMinusTick",
        "trdMatchID": "c15b90f0-f5b7-96d3-c393-39b076b1bcce",
        "grossValue": 28418775,
        "homeNotional": 0.28418775,
        "foreignNotional": 1617
    },
    {
        "timestamp": "2019-05-03T12:01:14.077Z",
        "symbol": "XBTUSD",
        "side": "Sell",
        "size": 9791,
        "price": 5690,
        "tickDirection": "ZeroMinusTick",
        "trdMatchID": "75e184ee-4da3-c288-fc53-1ebe9a537327",
        "grossValue": 172076825,
        "homeNotional": 1.72076825,
        "foreignNotional": 9791
    },
    {
        "timestamp": "2019-05-03T12:01:14.098Z",
        "symbol": "XBTUSD",
        "side": "Sell",
        "size": 30000,
        "price": 5690,
        "tickDirection": "ZeroMinusTick",
        "trdMatchID": "2057120b-f91f-f3d6-be2b-e9df28a8d15f",
        "grossValue": 527250000,
        "homeNotional": 5.2725,
        "foreignNotional": 30000
    },
    {
        "timestamp": "2019-05-03T12:01:14.115Z",
        "symbol": "XBTUSD",
        "side": "Sell",
        "size": 3500,
        "price": 5690,
        "tickDirection": "ZeroMinusTick",
        "trdMatchID": "90d3b81d-9ac0-00f4-3b86-c32456499f4d",
        "grossValue": 61512500,
        "homeNotional": 0.615125,
        "foreignNotional": 3500
    },
    {
        "timestamp": "2019-05-03T12:01:14.127Z",
        "symbol": "XBTUSD",
        "side": "Sell",
        "size": 6709,
        "price": 5690,
        "tickDirection": "ZeroMinusTick",
        "trdMatchID": "f63b9bc7-2246-4363-1847-14d7c3da32af",
        "grossValue": 117910675,
        "homeNotional": 1.17910675,
        "foreignNotional": 6709
    },
    {
        "timestamp": "2019-05-03T12:01:14.127Z",
        "symbol": "XBTUSD",
        "side": "Sell",
        "size": 772,
        "price": 5690,
        "tickDirection": "ZeroMinusTick",
        "trdMatchID": "76c2d574-f544-311e-f9bf-0134c02671f5",
        "grossValue": 13567900,
        "homeNotional": 0.135679,
        "foreignNotional": 772
    },
    {
        "timestamp": "2019-05-03T12:01:14.127Z",
        "symbol": "XBTUSD",
        "side": "Sell",
        "size": 534,
        "price": 5690,
        "tickDirection": "ZeroMinusTick",
        "trdMatchID": "bad0ae58-c420-d2c9-940e-2819400f4143",
        "grossValue": 9385050,
        "homeNotional": 0.0938505,
        "foreignNotional": 534
    },
    {
        "timestamp": "2019-05-03T12:01:14.127Z",
        "symbol": "XBTUSD",
        "side": "Sell",
        "size": 391,
        "price": 5690,
        "tickDirection": "ZeroMinusTick",
        "trdMatchID": "0148da33-80ca-5a0a-c65b-2afc7e091013",
        "grossValue": 6871825,
        "homeNotional": 0.06871825,
        "foreignNotional": 391
    },
    {
        "timestamp": "2019-05-03T12:01:14.127Z",
        "symbol": "XBTUSD",
        "side": "Sell",
        "size": 541,
        "price": 5690,
        "tickDirection": "ZeroMinusTick",
        "trdMatchID": "9584cf5f-2b2f-a8c6-daa3-f33014ddbb33",
        "grossValue": 9508075,
        "homeNotional": 0.09508075,
        "foreignNotional": 541
    },
    {
        "timestamp": "2019-05-03T12:01:14.127Z",
        "symbol": "XBTUSD",
        "side": "Sell",
        "size": 2000,
        "price": 5690,
        "tickDirection": "ZeroMinusTick",
        "trdMatchID": "40bb5083-b840-fef8-eebc-404a2630b500",
        "grossValue": 35150000,
        "homeNotional": 0.3515,
        "foreignNotional": 2000
    },
    {
        "timestamp": "2019-05-03T12:01:14.127Z",
        "symbol": "XBTUSD",
        "side": "Sell",
        "size": 290,
        "price": 5690,
        "tickDirection": "ZeroMinusTick",
        "trdMatchID": "c4a32044-79d2-86f1-ca08-6396ef34d9e6",
        "grossValue": 5096750,
        "homeNotional": 0.0509675,
        "foreignNotional": 290
    },
    {
        "timestamp": "2019-05-03T12:01:14.127Z",
        "symbol": "XBTUSD",
        "side": "Sell",
        "size": 550,
        "price": 5690,
        "tickDirection": "ZeroMinusTick",
        "trdMatchID": "1ae7d613-a962-ff04-494a-c887e947d933",
        "grossValue": 9666250,
        "homeNotional": 0.0966625,
        "foreignNotional": 550
    },
    {
        "timestamp": "2019-05-03T12:01:14.127Z",
        "symbol": "XBTUSD",
        "side": "Sell",
        "size": 1298,
        "price": 5690,
        "tickDirection": "ZeroMinusTick",
        "trdMatchID": "374399a0-f01e-000c-765d-98465f811d7b",
        "grossValue": 22812350,
        "homeNotional": 0.2281235,
        "foreignNotional": 1298
    },
    {
        "timestamp": "2019-05-03T12:01:14.127Z",
        "symbol": "XBTUSD",
        "side": "Sell",
        "size": 538,
        "price": 5690,
        "tickDirection": "ZeroMinusTick",
        "trdMatchID": "5b81b7f6-f871-8166-0791-15267d5b70a8",
        "grossValue": 9455350,
        "homeNotional": 0.0945535,
        "foreignNotional": 538
    },
    {
        "timestamp": "2019-05-03T12:01:14.127Z",
        "symbol": "XBTUSD",
        "side": "Sell",
        "size": 542,
        "price": 5690,
        "tickDirection": "ZeroMinusTick",
        "trdMatchID": "e5ec6b2b-b0be-e75d-10f8-3d8c5f19fd09",
        "grossValue": 9525650,
        "homeNotional": 0.0952565,
        "foreignNotional": 542
    },
    {
        "timestamp": "2019-05-03T12:01:14.127Z",
        "symbol": "XBTUSD",
        "side": "Sell",
        "size": 148,
        "price": 5690,
        "tickDirection": "ZeroMinusTick",
        "trdMatchID": "d22be1b7-9824-eb00-890b-1df8dd1a6914",
        "grossValue": 2601100,
        "homeNotional": 0.026011,
        "foreignNotional": 148
    },
    {
        "timestamp": "2019-05-03T12:01:14.127Z",
        "symbol": "XBTUSD",
        "side": "Sell",
        "size": 410,
        "price": 5690,
        "tickDirection": "ZeroMinusTick",
        "trdMatchID": "3bd607fb-d01b-62f1-d7cb-ccaed384d6f9",
        "grossValue": 7205750,
        "homeNotional": 0.0720575,
        "foreignNotional": 410
    },
    {
        "timestamp": "2019-05-03T12:01:14.127Z",
        "symbol": "XBTUSD",
        "side": "Sell",
        "size": 3000,
        "price": 5690,
        "tickDirection": "ZeroMinusTick",
        "trdMatchID": "ec6b603b-3b66-4fe7-1432-e570543a68a0",
        "grossValue": 52725000,
        "homeNotional": 0.52725,
        "foreignNotional": 3000
    },
    {
        "timestamp": "2019-05-03T12:01:14.127Z",
        "symbol": "XBTUSD",
        "side": "Sell",
        "size": 100,
        "price": 5690,
        "tickDirection": "ZeroMinusTick",
        "trdMatchID": "0140578a-5556-2b08-244a-add7f61a90ca",
        "grossValue": 1757500,
        "homeNotional": 0.017575,
        "foreignNotional": 100
    },
    {
        "timestamp": "2019-05-03T12:01:14.127Z",
        "symbol": "XBTUSD",
        "side": "Sell",
        "size": 2,
        "price": 5690,
        "tickDirection": "ZeroMinusTick",
        "trdMatchID": "3dc5b98e-7758-250c-5c65-b01b0ced0a62",
        "grossValue": 35150,
        "homeNotional": 0.0003515,
        "foreignNotional": 2
    },
    {
        "timestamp": "2019-05-03T12:01:14.127Z",
        "symbol": "XBTUSD",
        "side": "Sell",
        "size": 32,
        "price": 5690,
        "tickDirection": "ZeroMinusTick",
        "trdMatchID": "9677b8e5-fba3-c5ef-4801-62a98a437320",
        "grossValue": 562400,
        "homeNotional": 0.005624,
        "foreignNotional": 32
    },
    {
        "timestamp": "2019-05-03T12:01:14.127Z",
        "symbol": "XBTUSD",
        "side": "Sell",
        "size": 15,
        "price": 5690,
        "tickDirection": "ZeroMinusTick",
        "trdMatchID": "7ad7b85e-acc4-c66b-eeb8-a4c964140f31",
        "grossValue": 263625,
        "homeNotional": 0.00263625,
        "foreignNotional": 15
    },
    {
        "timestamp": "2019-05-03T12:01:14.127Z",
        "symbol": "XBTUSD",
        "side": "Sell",
        "size": 10000,
        "price": 5690,
        "tickDirection": "ZeroMinusTick",
        "trdMatchID": "0beae600-092b-03da-1829-bc1b5273179b",
        "grossValue": 175750000,
        "homeNotional": 1.7575,
        "foreignNotional": 10000
    },
    {
        "timestamp": "2019-05-03T12:01:14.127Z",
        "symbol": "XBTUSD",
        "side": "Sell",
        "size": 2128,
        "price": 5690,
        "tickDirection": "ZeroMinusTick",
        "trdMatchID": "e980149c-7c1e-b09b-2892-3b33dfa4068b",
        "grossValue": 37399600,
        "homeNotional": 0.373996,
        "foreignNotional": 2128
    },
    {
        "timestamp": "2019-05-03T12:01:14.159Z",
        "symbol": "XBTUSD",
        "side": "Sell",
        "size": 4000,
        "price": 5690,
        "tickDirection": "ZeroMinusTick",
        "trdMatchID": "079c7fb8-90e3-5d9c-daa7-38daa04e2c59",
        "grossValue": 70300000,
        "homeNotional": 0.703,
        "foreignNotional": 4000
    },
    {
        "timestamp": "2019-05-03T12:01:14.170Z",
        "symbol": "XBTUSD",
        "side": "Sell",
        "size": 200,
        "price": 5690,
        "tickDirection": "ZeroMinusTick",
        "trdMatchID": "590ee65b-afd3-04a1-a004-7b7e246c476b",
        "grossValue": 3515000,
        "homeNotional": 0.03515,
        "foreignNotional": 200
    },
    {
        "timestamp": "2019-05-03T12:01:14.182Z",
        "symbol": "XBTUSD",
        "side": "Sell",
        "size": 7897,
        "price": 5690,
        "tickDirection": "ZeroMinusTick",
        "trdMatchID": "4debd533-34bd-b820-e098-b508f739b274",
        "grossValue": 138789775,
        "homeNotional": 1.38789775,
        "foreignNotional": 7897
    },
    {
        "timestamp": "2019-05-03T12:01:14.182Z",
        "symbol": "XBTUSD",
        "side": "Sell",
        "size": 75,
        "price": 5690,
        "tickDirection": "ZeroMinusTick",
        "trdMatchID": "2dd1eb01-fbbb-373b-e399-a43a915cab6e",
        "grossValue": 1318125,
        "homeNotional": 0.01318125,
        "foreignNotional": 75
    },
    {
        "timestamp": "2019-05-03T12:01:14.182Z",
        "symbol": "XBTUSD",
        "side": "Sell",
        "size": 98,
        "price": 5690,
        "tickDirection": "ZeroMinusTick",
        "trdMatchID": "94bd37b5-accf-fc81-d121-95765af070bc",
        "grossValue": 1722350,
        "homeNotional": 0.0172235,
        "foreignNotional": 98
    },
    {
        "timestamp": "2019-05-03T12:01:14.182Z",
        "symbol": "XBTUSD",
        "side": "Sell",
        "size": 108,
        "price": 5690,
        "tickDirection": "ZeroMinusTick",
        "trdMatchID": "69c1d48c-d368-406d-0fa9-b11e7a0b3a64",
        "grossValue": 1898100,
        "homeNotional": 0.018981,
        "foreignNotional": 108
    },
    {
        "timestamp": "2019-05-03T12:01:14.182Z",
        "symbol": "XBTUSD",
        "side": "Sell",
        "size": 100,
        "price": 5690,
        "tickDirection": "ZeroMinusTick",
        "trdMatchID": "8f201acd-d749-33f8-21e6-9df09704678c",
        "grossValue": 1757500,
        "homeNotional": 0.017575,
        "foreignNotional": 100
    },
    {
        "timestamp": "2019-05-03T12:01:14.182Z",
        "symbol": "XBTUSD",
        "side": "Sell",
        "size": 1847,
        "price": 5690,
        "tickDirection": "ZeroMinusTick",
        "trdMatchID": "65f8fa0d-d23e-beaa-d951-d0ef11fba0bc",
        "grossValue": 32461025,
        "homeNotional": 0.32461025,
        "foreignNotional": 1847
    },
    {
        "timestamp": "2019-05-03T12:01:14.182Z",
        "symbol": "XBTUSD",
        "side": "Sell",
        "size": 200,
        "price": 5690,
        "tickDirection": "ZeroMinusTick",
        "trdMatchID": "ca31e7e4-1510-263d-3dd2-b6f57a65244a",
        "grossValue": 3515000,
        "homeNotional": 0.03515,
        "foreignNotional": 200
    },
    {
        "timestamp": "2019-05-03T12:01:14.182Z",
        "symbol": "XBTUSD",
        "side": "Sell",
        "size": 6,
        "price": 5690,
        "tickDirection": "ZeroMinusTick",
        "trdMatchID": "de4b5f33-3f85-caab-86f2-d4327892dc79",
        "grossValue": 105450,
        "homeNotional": 0.0010545,
        "foreignNotional": 6
    },
    {
        "timestamp": "2019-05-03T12:01:14.182Z",
        "symbol": "XBTUSD",
        "side": "Sell",
        "size": 2746,
        "price": 5690,
        "tickDirection": "ZeroMinusTick",
        "trdMatchID": "1cd8e8d7-fa58-e552-7b65-b849e0703beb",
        "grossValue": 48260950,
        "homeNotional": 0.4826095,
        "foreignNotional": 2746
    },
    {
        "timestamp": "2019-05-03T12:01:14.182Z",
        "symbol": "XBTUSD",
        "side": "Sell",
        "size": 50000,
        "price": 5690,
        "tickDirection": "ZeroMinusTick",
        "trdMatchID": "dfa1c8d4-b0ae-b94a-75e3-e92d8a42b80e",
        "grossValue": 878750000,
        "homeNotional": 8.7875,
        "foreignNotional": 50000
    },
    {
        "timestamp": "2019-05-03T12:01:14.182Z",
        "symbol": "XBTUSD",
        "side": "Sell",
        "size": 67,
        "price": 5690,
        "tickDirection": "ZeroMinusTick",
        "trdMatchID": "99c55ea3-16a8-dbe9-25c1-fa76baa775f0",
        "grossValue": 1177525,
        "homeNotional": 0.01177525,
        "foreignNotional": 67
    },
    {
        "timestamp": "2019-05-03T12:01:14.182Z",
        "symbol": "XBTUSD",
        "side": "Sell",
        "size": 26000,
        "price": 5689.5,
        "tickDirection": "MinusTick",
        "trdMatchID": "2c7b1ab3-d1b3-4e9d-2479-06caa3e43295",
        "grossValue": 456976000,
        "homeNotional": 4.56976,
        "foreignNotional": 26000
    },
    {
        "timestamp": "2019-05-03T12:01:14.182Z",
        "symbol": "XBTUSD",
        "side": "Sell",
        "size": 300,
        "price": 5689.5,
        "tickDirection": "ZeroMinusTick",
        "trdMatchID": "352678c3-5cad-6100-3e5f-0d26fde68ceb",
        "grossValue": 5272800,
        "homeNotional": 0.052728,
        "foreignNotional": 300
    },
    {
        "timestamp": "2019-05-03T12:01:14.182Z",
        "symbol": "XBTUSD",
        "side": "Sell",
        "size": 4000,
        "price": 5689.5,
        "tickDirection": "ZeroMinusTick",
        "trdMatchID": "3877e271-f1d0-915a-0e52-b7f5c3b125eb",
        "grossValue": 70304000,
        "homeNotional": 0.70304,
        "foreignNotional": 4000
    },
    {
        "timestamp": "2019-05-03T12:01:14.182Z",
        "symbol": "XBTUSD",
        "side": "Sell",
        "size": 200,
        "price": 5689.5,
        "tickDirection": "ZeroMinusTick",
        "trdMatchID": "79f5c8cc-a2fc-ad02-0b82-7adcd3ea8c0f",
        "grossValue": 3515200,
        "homeNotional": 0.035152,
        "foreignNotional": 200
    },
    {
        "timestamp": "2019-05-03T12:01:14.182Z",
        "symbol": "XBTUSD",
        "side": "Sell",
        "size": 18,
        "price": 5689.5,
        "tickDirection": "ZeroMinusTick",
        "trdMatchID": "a737cb9c-af4e-0888-f97f-baa36c290614",
        "grossValue": 316368,
        "homeNotional": 0.00316368,
        "foreignNotional": 18
    },
    {
        "timestamp": "2019-05-03T12:01:14.182Z",
        "symbol": "XBTUSD",
        "side": "Sell",
        "size": 30,
        "price": 5689.5,
        "tickDirection": "ZeroMinusTick",
        "trdMatchID": "e69cd2f2-40f7-6dc3-17ef-ae0018459c95",
        "grossValue": 527280,
        "homeNotional": 0.0052728,
        "foreignNotional": 30
    },
    {
        "timestamp": "2019-05-03T12:01:14.182Z",
        "symbol": "XBTUSD",
        "side": "Sell",
        "size": 18,
        "price": 5689.5,
        "tickDirection": "ZeroMinusTick",
        "trdMatchID": "2b695e1d-6ab2-f33f-02da-3cfba0ddaeef",
        "grossValue": 316368,
        "homeNotional": 0.00316368,
        "foreignNotional": 18
    },
    {
        "timestamp": "2019-05-03T12:01:14.182Z",
        "symbol": "XBTUSD",
        "side": "Sell",
        "size": 60,
        "price": 5689.5,
        "tickDirection": "ZeroMinusTick",
        "trdMatchID": "e03d16bc-dfd2-3a0c-aef0-e40d4a046af9",
        "grossValue": 1054560,
        "homeNotional": 0.0105456,
        "foreignNotional": 60
    },
    {
        "timestamp": "2019-05-03T12:01:14.182Z",
        "symbol": "XBTUSD",
        "side": "Sell",
        "size": 30,
        "price": 5689.5,
        "tickDirection": "ZeroMinusTick",
        "trdMatchID": "3bd54ff4-9dc5-1831-a0e9-a92c46f8037d",
        "grossValue": 527280,
        "homeNotional": 0.0052728,
        "foreignNotional": 30
    },
    {
        "timestamp": "2019-05-03T12:01:14.182Z",
        "symbol": "XBTUSD",
        "side": "Sell",
        "size": 193,
        "price": 5689.5,
        "tickDirection": "ZeroMinusTick",
        "trdMatchID": "0afa6c0f-5023-d159-ad2d-6c6fc39df6a5",
        "grossValue": 3392168,
        "homeNotional": 0.03392168,
        "foreignNotional": 193
    },
    {
        "timestamp": "2019-05-03T12:01:14.182Z",
        "symbol": "XBTUSD",
        "side": "Sell",
        "size": 1000,
        "price": 5689.5,
        "tickDirection": "ZeroMinusTick",
        "trdMatchID": "7babc0b0-c463-5edc-59f4-42a636cd61cd",
        "grossValue": 17576000,
        "homeNotional": 0.17576,
        "foreignNotional": 1000
    },
    {
        "timestamp": "2019-05-03T12:01:14.182Z",
        "symbol": "XBTUSD",
        "side": "Sell",
        "size": 50,
        "price": 5689.5,
        "tickDirection": "ZeroMinusTick",
        "trdMatchID": "fc27922a-1d9f-bd09-0bb2-896623d1af23",
        "grossValue": 878800,
        "homeNotional": 0.008788,
        "foreignNotional": 50
    },
    {
        "timestamp": "2019-05-03T12:01:14.182Z",
        "symbol": "XBTUSD",
        "side": "Sell",
        "size": 3350,
        "price": 5689.5,
        "tickDirection": "ZeroMinusTick",
        "trdMatchID": "d61d9e4c-5110-ef60-8247-3f5d1be985e5",
        "grossValue": 58879600,
        "homeNotional": 0.588796,
        "foreignNotional": 3350
    },
    {
        "timestamp": "2019-05-03T12:01:14.182Z",
        "symbol": "XBTUSD",
        "side": "Sell",
        "size": 100,
        "price": 5689.5,
        "tickDirection": "ZeroMinusTick",
        "trdMatchID": "134e2628-f6d7-0f59-51d6-cd0da05a522b",
        "grossValue": 1757600,
        "homeNotional": 0.017576,
        "foreignNotional": 100
    },
    {
        "timestamp": "2019-05-03T12:01:14.182Z",
        "symbol": "XBTUSD",
        "side": "Sell",
        "size": 30,
        "price": 5689.5,
        "tickDirection": "ZeroMinusTick",
        "trdMatchID": "dd4c6bec-f48b-5240-5c89-ff06303be072",
        "grossValue": 527280,
        "homeNotional": 0.0052728,
        "foreignNotional": 30
    },
    {
        "timestamp": "2019-05-03T12:01:14.182Z",
        "symbol": "XBTUSD",
        "side": "Sell",
        "size": 1477,
        "price": 5689.5,
        "tickDirection": "ZeroMinusTick",
        "trdMatchID": "bac4d221-6166-ef3f-58ba-1bbc9e67237b",
        "grossValue": 25959752,
        "homeNotional": 0.25959752,
        "foreignNotional": 1477
    },
    {
        "timestamp": "2019-05-03T12:01:14.232Z",
        "symbol": "XBTUSD",
        "side": "Sell",
        "size": 15000,
        "price": 5689.5,
        "tickDirection": "ZeroMinusTick",
        "trdMatchID": "0a36eafb-d8c3-3e4c-5752-89b3faba33de",
        "grossValue": 263640000,
        "homeNotional": 2.6364,
        "foreignNotional": 15000
    },
    {
        "timestamp": "2019-05-03T12:01:14.232Z",
        "symbol": "XBTUSD",
        "side": "Sell",
        "size": 15000,
        "price": 5689.5,
        "tickDirection": "ZeroMinusTick",
        "trdMatchID": "c93a2ae8-f356-c333-15ae-f26d713c7555",
        "grossValue": 263640000,
        "homeNotional": 2.6364,
        "foreignNotional": 15000
    },
    {
        "timestamp": "2019-05-03T12:01:14.249Z",
        "symbol": "XBTUSD",
        "side": "Sell",
        "size": 5000,
        "price": 5689.5,
        "tickDirection": "ZeroMinusTick",
        "trdMatchID": "ea7cec1b-3a27-f29e-6f40-026176877b43",
        "grossValue": 87880000,
        "homeNotional": 0.8788,
        "foreignNotional": 5000
    },
    {
        "timestamp": "2019-05-03T12:01:14.261Z",
        "symbol": "XBTUSD",
        "side": "Sell",
        "size": 23523,
        "price": 5689.5,
        "tickDirection": "ZeroMinusTick",
        "trdMatchID": "bb0c9528-f025-8fea-7f7e-8bbb1b4c53a0",
        "grossValue": 413440248,
        "homeNotional": 4.13440248,
        "foreignNotional": 23523
    },
    {
        "timestamp": "2019-05-03T12:01:14.261Z",
        "symbol": "XBTUSD",
        "side": "Sell",
        "size": 33,
        "price": 5689.5,
        "tickDirection": "ZeroMinusTick",
        "trdMatchID": "2e4dd6db-47c7-36e5-62c5-28df5bb1b488",
        "grossValue": 580008,
        "homeNotional": 0.00580008,
        "foreignNotional": 33
    },
    {
        "timestamp": "2019-05-03T12:01:14.261Z",
        "symbol": "XBTUSD",
        "side": "Sell",
        "size": 11,
        "price": 5689.5,
        "tickDirection": "ZeroMinusTick",
        "trdMatchID": "a684b6cf-9608-c3de-4fd7-26830be53fa8",
        "grossValue": 193336,
        "homeNotional": 0.00193336,
        "foreignNotional": 11
    },
    {
        "timestamp": "2019-05-03T12:01:14.261Z",
        "symbol": "XBTUSD",
        "side": "Sell",
        "size": 135,
        "price": 5689.5,
        "tickDirection": "ZeroMinusTick",
        "trdMatchID": "92d0d2bb-8858-0a88-c913-0dd6213d1268",
        "grossValue": 2372760,
        "homeNotional": 0.0237276,
        "foreignNotional": 135
    },
    {
        "timestamp": "2019-05-03T12:01:14.261Z",
        "symbol": "XBTUSD",
        "side": "Sell",
        "size": 5000,
        "price": 5689.5,
        "tickDirection": "ZeroMinusTick",
        "trdMatchID": "bf252148-7a16-3e60-7e6c-1e828c619874",
        "grossValue": 87880000,
        "homeNotional": 0.8788,
        "foreignNotional": 5000
    },
    {
        "timestamp": "2019-05-03T12:01:14.261Z",
        "symbol": "XBTUSD",
        "side": "Sell",
        "size": 20,
        "price": 5689.5,
        "tickDirection": "ZeroMinusTick",
        "trdMatchID": "8ce1be9b-8ade-b302-1285-4623bfbe3cd9",
        "grossValue": 351520,
        "homeNotional": 0.0035152,
        "foreignNotional": 20
    },
    {
        "timestamp": "2019-05-03T12:01:14.261Z",
        "symbol": "XBTUSD",
        "side": "Sell",
        "size": 50,
        "price": 5689,
        "tickDirection": "MinusTick",
        "trdMatchID": "3cfa81ed-23cf-7374-aa91-25f9043add41",
        "grossValue": 878900,
        "homeNotional": 0.008789,
        "foreignNotional": 50
    },
    {
        "timestamp": "2019-05-03T12:01:14.261Z",
        "symbol": "XBTUSD",
        "side": "Sell",
        "size": 30000,
        "price": 5689,
        "tickDirection": "ZeroMinusTick",
        "trdMatchID": "426130e0-8f80-d718-6661-a69e2f771980",
        "grossValue": 527340000,
        "homeNotional": 5.2734,
        "foreignNotional": 30000
    },
    {
        "timestamp": "2019-05-03T12:01:14.261Z",
        "symbol": "XBTUSD",
        "side": "Sell",
        "size": 1500,
        "price": 5689,
        "tickDirection": "ZeroMinusTick",
        "trdMatchID": "7033bff3-bcd3-99b1-e0a0-407127c06fd7",
        "grossValue": 26367000,
        "homeNotional": 0.26367,
        "foreignNotional": 1500
    },
    {
        "timestamp": "2019-05-03T12:01:14.261Z",
        "symbol": "XBTUSD",
        "side": "Sell",
        "size": 600,
        "price": 5689,
        "tickDirection": "ZeroMinusTick",
        "trdMatchID": "5fe2690c-76ec-98a0-0c67-5865b2bcaf6b",
        "grossValue": 10546800,
        "homeNotional": 0.105468,
        "foreignNotional": 600
    },
    {
        "timestamp": "2019-05-03T12:01:14.261Z",
        "symbol": "XBTUSD",
        "side": "Sell",
        "size": 7655,
        "price": 5689,
        "tickDirection": "ZeroMinusTick",
        "trdMatchID": "edbff2d3-e3fb-004b-a6fd-8f3a0eedf69e",
        "grossValue": 134559590,
        "homeNotional": 1.3455959,
        "foreignNotional": 7655
    },
    {
        "timestamp": "2019-05-03T12:01:14.261Z",
        "symbol": "XBTUSD",
        "side": "Sell",
        "size": 300,
        "price": 5689,
        "tickDirection": "ZeroMinusTick",
        "trdMatchID": "0a2eeeb3-3c60-4906-6587-7109fe07e572",
        "grossValue": 5273400,
        "homeNotional": 0.052734,
        "foreignNotional": 300
    },
    {
        "timestamp": "2019-05-03T12:01:14.261Z",
        "symbol": "XBTUSD",
        "side": "Sell",
        "size": 11111,
        "price": 5689,
        "tickDirection": "ZeroMinusTick",
        "trdMatchID": "901840f5-320f-0fd8-5f72-7f98dcbbf875",
        "grossValue": 195309158,
        "homeNotional": 1.95309158,
        "foreignNotional": 11111
    },
    {
        "timestamp": "2019-05-03T12:01:14.261Z",
        "symbol": "XBTUSD",
        "side": "Sell",
        "size": 18,
        "price": 5689,
        "tickDirection": "ZeroMinusTick",
        "trdMatchID": "29fcbe38-6836-7a68-c2b5-0c9a91e7db29",
        "grossValue": 316404,
        "homeNotional": 0.00316404,
        "foreignNotional": 18
    },
    {
        "timestamp": "2019-05-03T12:01:14.261Z",
        "symbol": "XBTUSD",
        "side": "Sell",
        "size": 50,
        "price": 5689,
        "tickDirection": "ZeroMinusTick",
        "trdMatchID": "3b35b9b1-0a04-7d0c-bf0d-86d3cc860129",
        "grossValue": 878900,
        "homeNotional": 0.008789,
        "foreignNotional": 50
    },
    {
        "timestamp": "2019-05-03T12:01:14.261Z",
        "symbol": "XBTUSD",
        "side": "Sell",
        "size": 110,
        "price": 5689,
        "tickDirection": "ZeroMinusTick",
        "trdMatchID": "86ebbbd8-e562-d42b-40c6-36b4298fdf62",
        "grossValue": 1933580,
        "homeNotional": 0.0193358,
        "foreignNotional": 110
    },
    {
        "timestamp": "2019-05-03T12:01:14.261Z",
        "symbol": "XBTUSD",
        "side": "Sell",
        "size": 1000,
        "price": 5689,
        "tickDirection": "ZeroMinusTick",
        "trdMatchID": "43291f63-425e-7d4f-f58b-2f2273d41ea2",
        "grossValue": 17578000,
        "homeNotional": 0.17578,
        "foreignNotional": 1000
    },
    {
        "timestamp": "2019-05-03T12:01:14.261Z",
        "symbol": "XBTUSD",
        "side": "Sell",
        "size": 100,
        "price": 5689,
        "tickDirection": "ZeroMinusTick",
        "trdMatchID": "60fc9671-5958-f951-2137-34ef9458918a",
        "grossValue": 1757800,
        "homeNotional": 0.017578,
        "foreignNotional": 100
    },
    {
        "timestamp": "2019-05-03T12:01:14.261Z",
        "symbol": "XBTUSD",
        "side": "Sell",
        "size": 100,
        "price": 5689,
        "tickDirection": "ZeroMinusTick",
        "trdMatchID": "643568ec-941f-d2c4-ea64-7d5fcc8d4ce9",
        "grossValue": 1757800,
        "homeNotional": 0.017578,
        "foreignNotional": 100
    },
    {
        "timestamp": "2019-05-03T12:01:14.261Z",
        "symbol": "XBTUSD",
        "side": "Sell",
        "size": 4200,
        "price": 5689,
        "tickDirection": "ZeroMinusTick",
        "trdMatchID": "773309a6-22c6-4bad-c244-6ca10bbf0d57",
        "grossValue": 73827600,
        "homeNotional": 0.738276,
        "foreignNotional": 4200
    },
    {
        "timestamp": "2019-05-03T12:01:14.261Z",
        "symbol": "XBTUSD",
        "side": "Sell",
        "size": 79,
        "price": 5689,
        "tickDirection": "ZeroMinusTick",
        "trdMatchID": "52c8645f-183a-1f91-85ee-862b84f7d38b",
        "grossValue": 1388662,
        "homeNotional": 0.01388662,
        "foreignNotional": 79
    },
    {
        "timestamp": "2019-05-03T12:01:14.261Z",
        "symbol": "XBTUSD",
        "side": "Sell",
        "size": 772,
        "price": 5689,
        "tickDirection": "ZeroMinusTick",
        "trdMatchID": "c2b21822-9b2c-b8ca-8983-b3b8109dc5e3",
        "grossValue": 13570216,
        "homeNotional": 0.13570216,
        "foreignNotional": 772
    },
    {
        "timestamp": "2019-05-03T12:01:14.261Z",
        "symbol": "XBTUSD",
        "side": "Sell",
        "size": 281,
        "price": 5689,
        "tickDirection": "ZeroMinusTick",
        "trdMatchID": "2099fda3-23c5-4113-fe56-2bd285d97f6e",
        "grossValue": 4939418,
        "homeNotional": 0.04939418,
        "foreignNotional": 281
    },
    {
        "timestamp": "2019-05-03T12:01:14.261Z",
        "symbol": "XBTUSD",
        "side": "Sell",
        "size": 1000,
        "price": 5689,
        "tickDirection": "ZeroMinusTick",
        "trdMatchID": "746fa538-fec7-024a-fc11-c69aaebdf504",
        "grossValue": 17578000,
        "homeNotional": 0.17578,
        "foreignNotional": 1000
    },
    {
        "timestamp": "2019-05-03T12:01:14.261Z",
        "symbol": "XBTUSD",
        "side": "Sell",
        "size": 542,
        "price": 5689,
        "tickDirection": "ZeroMinusTick",
        "trdMatchID": "50dfcc2f-18dd-785d-d5e4-2ef149fd9700",
        "grossValue": 9527276,
        "homeNotional": 0.09527276,
        "foreignNotional": 542
    },
    {
        "timestamp": "2019-05-03T12:01:14.261Z",
        "symbol": "XBTUSD",
        "side": "Sell",
        "size": 682,
        "price": 5689,
        "tickDirection": "ZeroMinusTick",
        "trdMatchID": "a95bfcb5-6120-b164-7dbd-4143f46d765e",
        "grossValue": 11988196,
        "homeNotional": 0.11988196,
        "foreignNotional": 682
    },
    {
        "timestamp": "2019-05-03T12:01:14.261Z",
        "symbol": "XBTUSD",
        "side": "Sell",
        "size": 300,
        "price": 5689,
        "tickDirection": "ZeroMinusTick",
