[
    {
        "timestamp": "2019-05-03T12:03:15.035Z",
        "symbol": "XBTUSD",
        "side": "Buy",
        "size": 3972,
        "price": 5697,
        "tickDirection": "ZeroPlusTick",
        "trdMatchID": "751a342d-1b58-fe3b-b4f1-ae9472d835fd",
        "grossValue": 69720516,
        "homeNotional": 0.69720516,
        "foreignNotional": 3972
    },
    {
        "timestamp": "2019-05-03T12:03:15.035Z",
        "symbol": "XBTUSD",
        "side": "Buy",
        "size": 17,
        "price": 5697,
        "tickDirection": "ZeroPlusTick",
        "trdMatchID": "02129bfe-1368-682c-e2bc-484635ef956c",
        "grossValue": 298401,
        "homeNotional": 0.00298401,
        "foreignNotional": 17
    },
    {
        "timestamp": "2019-05-03T12:03:15.035Z",
        "symbol": "XBTUSD",
        "side": "Buy",
        "size": 499,
        "price": 5697,
        "tickDirection": "ZeroPlusTick",
        "trdMatchID": "7072c280-b3a4-d22c-5e89-c4ca9cceac83",
        "grossValue": 8758947,
        "homeNotional": 0.08758947,
        "foreignNotional": 499
    },
    {
        "timestamp": "2019-05-03T12:03:15.035Z",
        "symbol": "XBTUSD",
        "side": "Buy",
        "size": 97,
        "price": 5697,
        "tickDirection": "ZeroPlusTick",
        "trdMatchID": "7a5eed33-df1a-7ce6-a379-2666519c9ac7",
        "grossValue": 1702641,
        "homeNotional": 0.01702641,
        "foreignNotional": 97
    },
    {
        "timestamp": "2019-05-03T12:03:15.035Z",
        "symbol": "XBTUSD",
        "side": "Buy",
        "size": 99,
        "price": 5697,
        "tickDirection": "ZeroPlusTick",
        "trdMatchID": "b820c9b7-6fb4-09e2-acc5-5d2d4effa76a",
        "grossValue": 1737747,
        "homeNotional": 0.01737747,
        "foreignNotional": 99
    },
    {
        "timestamp": "2019-05-03T12:03:15.035Z",
        "symbol": "XBTUSD",
        "side": "Buy",
        "size": 26,
        "price": 5697,
        "tickDirection": "ZeroPlusTick",
        "trdMatchID": "aa5216c8-3f97-2fad-6494-25e9cae0ded1",
        "grossValue": 456378,
        "homeNotional": 0.00456378,
        "foreignNotional": 26
    },
    {
        "timestamp": "2019-05-03T12:03:15.035Z",
        "symbol": "XBTUSD",
        "side": "Buy",
        "size": 50,
        "price": 5697,
        "tickDirection": "ZeroPlusTick",
        "trdMatchID": "e1a39277-0dfa-45a1-12df-c0384de6b9a1",
        "grossValue": 877650,
        "homeNotional": 0.0087765,
        "foreignNotional": 50
    },
    {
        "timestamp": "2019-05-03T12:03:15.035Z",
        "symbol": "XBTUSD",
        "side": "Buy",
        "size": 38,
        "price": 5697,
        "tickDirection": "ZeroPlusTick",
        "trdMatchID": "5443e484-8141-be1c-ced0-e5f45da62352",
        "grossValue": 667014,
        "homeNotional": 0.00667014,
        "foreignNotional": 38
    },
    {
        "timestamp": "2019-05-03T12:03:15.035Z",
        "symbol": "XBTUSD",
        "side": "Buy",
        "size": 21,
        "price": 5697,
        "tickDirection": "ZeroPlusTick",
        "trdMatchID": "69a480ea-8144-d55c-78db-a56750780b87",
        "grossValue": 368613,
        "homeNotional": 0.00368613,
        "foreignNotional": 21
    },
    {
        "timestamp": "2019-05-03T12:03:15.035Z",
        "symbol": "XBTUSD",
        "side": "Buy",
        "size": 17,
        "price": 5697,
        "tickDirection": "ZeroPlusTick",
        "trdMatchID": "47b5facd-3b31-b767-3ab6-40eea5dbc1f2",
        "grossValue": 298401,
        "homeNotional": 0.00298401,
        "foreignNotional": 17
    },
    {
        "timestamp": "2019-05-03T12:03:15.035Z",
        "symbol": "XBTUSD",
        "side": "Buy",
        "size": 37,
        "price": 5697,
        "tickDirection": "ZeroPlusTick",
        "trdMatchID": "9cf38ea7-1305-2e22-d90a-634335bbe366",
        "grossValue": 649461,
        "homeNotional": 0.00649461,
        "foreignNotional": 37
    },
    {
        "timestamp": "2019-05-03T12:03:15.035Z",
        "symbol": "XBTUSD",
        "side": "Buy",
        "size": 3000,
        "price": 5697,
        "tickDirection": "ZeroPlusTick",
        "trdMatchID": "8a011e09-8b6a-58d7-dc4d-3cd8039a15ea",
        "grossValue": 52659000,
        "homeNotional": 0.52659,
        "foreignNotional": 3000
    },
    {
        "timestamp": "2019-05-03T12:03:15.035Z",
        "symbol": "XBTUSD",
        "side": "Buy",
        "size": 792,
        "price": 5697,
        "tickDirection": "ZeroPlusTick",
        "trdMatchID": "5208974c-ed2f-fbdd-59ca-2767f99e37bc",
        "grossValue": 13901976,
        "homeNotional": 0.13901976,
        "foreignNotional": 792
    },
    {
        "timestamp": "2019-05-03T12:03:15.035Z",
        "symbol": "XBTUSD",
        "side": "Buy",
        "size": 5000,
        "price": 5697,
        "tickDirection": "ZeroPlusTick",
        "trdMatchID": "63fbbf5c-99cc-83e4-db0a-0c9ea27ed313",
        "grossValue": 87765000,
        "homeNotional": 0.87765,
        "foreignNotional": 5000
    },
    {
        "timestamp": "2019-05-03T12:03:15.035Z",
        "symbol": "XBTUSD",
        "side": "Buy",
        "size": 208,
        "price": 5697,
        "tickDirection": "ZeroPlusTick",
        "trdMatchID": "9be1b32a-3705-9a3e-27e9-40659e8790aa",
        "grossValue": 3651024,
        "homeNotional": 0.03651024,
        "foreignNotional": 208
    },
    {
        "timestamp": "2019-05-03T12:03:15.035Z",
        "symbol": "XBTUSD",
        "side": "Buy",
        "size": 10000,
        "price": 5697,
        "tickDirection": "ZeroPlusTick",
        "trdMatchID": "69d52d2e-0f8c-aca0-4d19-98c0881cfad8",
        "grossValue": 175530000,
        "homeNotional": 1.7553,
        "foreignNotional": 10000
    },
    {
        "timestamp": "2019-05-03T12:03:15.035Z",
        "symbol": "XBTUSD",
        "side": "Buy",
        "size": 10000,
        "price": 5697,
        "tickDirection": "ZeroPlusTick",
        "trdMatchID": "73212e0b-c6ed-44f0-0f7b-32d2fecf0ade",
        "grossValue": 175530000,
        "homeNotional": 1.7553,
        "foreignNotional": 10000
    },
    {
        "timestamp": "2019-05-03T12:03:15.035Z",
        "symbol": "XBTUSD",
        "side": "Buy",
        "size": 58,
        "price": 5697,
        "tickDirection": "ZeroPlusTick",
        "trdMatchID": "2c95ac28-e0de-cdeb-f80e-061eb7ba7a35",
        "grossValue": 1018074,
        "homeNotional": 0.01018074,
        "foreignNotional": 58
    },
    {
        "timestamp": "2019-05-03T12:03:15.035Z",
        "symbol": "XBTUSD",
        "side": "Buy",
        "size": 16069,
        "price": 5697,
        "tickDirection": "ZeroPlusTick",
        "trdMatchID": "4c67fa9f-0843-b45b-df3e-123719b21dea",
        "grossValue": 282059157,
        "homeNotional": 2.82059157,
        "foreignNotional": 16069
    },
    {
        "timestamp": "2019-05-03T12:03:15.231Z",
        "symbol": "XBTUSD",
        "side": "Buy",
        "size": 9700,
        "price": 5697,
        "tickDirection": "ZeroPlusTick",
        "trdMatchID": "b90f8d48-04bc-a96b-91dd-3e61f31629ff",
        "grossValue": 170264100,
        "homeNotional": 1.702641,
        "foreignNotional": 9700
    },
    {
        "timestamp": "2019-05-03T12:03:16.849Z",
        "symbol": "XBTUSD",
        "side": "Buy",
        "size": 500,
        "price": 5697,
        "tickDirection": "ZeroPlusTick",
        "trdMatchID": "2299684d-c069-5dc0-0fb6-cf61bb1b6afa",
        "grossValue": 8776500,
        "homeNotional": 0.087765,
        "foreignNotional": 500
    },
    {
        "timestamp": "2019-05-03T12:03:16.918Z",
        "symbol": "XBTUSD",
        "side": "Buy",
        "size": 1400,
        "price": 5697,
        "tickDirection": "ZeroPlusTick",
        "trdMatchID": "d89e341b-65e9-4fb6-30b9-bf451a3f2e72",
        "grossValue": 24574200,
        "homeNotional": 0.245742,
        "foreignNotional": 1400
    },
    {
        "timestamp": "2019-05-03T12:03:16.952Z",
        "symbol": "XBTUSD",
        "side": "Sell",
        "size": 100,
        "price": 5696.5,
        "tickDirection": "MinusTick",
        "trdMatchID": "edf7b4c3-1f57-7902-c8f7-07826d364446",
        "grossValue": 1755500,
        "homeNotional": 0.017555,
        "foreignNotional": 100
    },
    {
        "timestamp": "2019-05-03T12:03:17.199Z",
        "symbol": "XBTUSD",
        "side": "Buy",
        "size": 822,
        "price": 5697,
        "tickDirection": "PlusTick",
        "trdMatchID": "e28b646c-42a0-0dce-0b47-79107461dd45",
        "grossValue": 14428566,
        "homeNotional": 0.14428566,
        "foreignNotional": 822
    },
    {
        "timestamp": "2019-05-03T12:03:17.340Z",
        "symbol": "XBTUSD",
        "side": "Buy",
        "size": 10000,
        "price": 5697,
        "tickDirection": "ZeroPlusTick",
        "trdMatchID": "92e6b970-bd27-1b96-6458-a9002a02fea9",
        "grossValue": 175530000,
        "homeNotional": 1.7553,
        "foreignNotional": 10000
    },
    {
        "timestamp": "2019-05-03T12:03:17.787Z",
        "symbol": "XBTUSD",
        "side": "Buy",
        "size": 850,
        "price": 5697,
        "tickDirection": "ZeroPlusTick",
        "trdMatchID": "882987e5-2c43-9f7c-2811-b10ef35ee6dc",
        "grossValue": 14920050,
        "homeNotional": 0.1492005,
        "foreignNotional": 850
    },
    {
        "timestamp": "2019-05-03T12:03:18.246Z",
        "symbol": "XBTUSD",
        "side": "Buy",
        "size": 5000,
        "price": 5697,
        "tickDirection": "ZeroPlusTick",
        "trdMatchID": "b2a3494c-9609-1b64-d62f-1b6a82798bed",
        "grossValue": 87765000,
        "homeNotional": 0.87765,
        "foreignNotional": 5000
    },
    {
        "timestamp": "2019-05-03T12:03:18.303Z",
        "symbol": "XBTUSD",
        "side": "Sell",
        "size": 500,
        "price": 5696.5,
        "tickDirection": "MinusTick",
        "trdMatchID": "ed8a159e-7978-94fe-f8e1-e003968e7c26",
        "grossValue": 8777500,
        "homeNotional": 0.087775,
        "foreignNotional": 500
    },
    {
        "timestamp": "2019-05-03T12:03:18.511Z",
        "symbol": "XBTUSD",
        "side": "Sell",
        "size": 500,
        "price": 5696.5,
        "tickDirection": "ZeroMinusTick",
        "trdMatchID": "9e67d48a-d49c-727f-b516-12b4a3c14643",
        "grossValue": 8777500,
        "homeNotional": 0.087775,
        "foreignNotional": 500
    },
    {
        "timestamp": "2019-05-03T12:03:18.543Z",
        "symbol": "XBTUSD",
        "side": "Buy",
        "size": 9000,
        "price": 5697,
        "tickDirection": "PlusTick",
        "trdMatchID": "51db85ca-3df2-ef59-4c9d-45c5483208ec",
        "grossValue": 157977000,
        "homeNotional": 1.57977,
        "foreignNotional": 9000
    },
    {
        "timestamp": "2019-05-03T12:03:19.000Z",
        "symbol": "XBTUSD",
        "side": "Buy",
        "size": 8500,
        "price": 5697,
        "tickDirection": "ZeroPlusTick",
        "trdMatchID": "699737ae-491a-067b-6656-bc3718eb82e1",
        "grossValue": 149200500,
        "homeNotional": 1.492005,
        "foreignNotional": 8500
    },
    {
        "timestamp": "2019-05-03T12:03:19.725Z",
        "symbol": "XBTUSD",
        "side": "Buy",
        "size": 1000,
        "price": 5697,
        "tickDirection": "ZeroPlusTick",
        "trdMatchID": "34391faf-9f51-d846-660b-61f14b8abfb8",
        "grossValue": 17553000,
        "homeNotional": 0.17553,
        "foreignNotional": 1000
    },
    {
        "timestamp": "2019-05-03T12:03:19.926Z",
        "symbol": "XBTUSD",
        "side": "Buy",
        "size": 800,
        "price": 5697,
        "tickDirection": "ZeroPlusTick",
        "trdMatchID": "6ef5d667-caf9-2976-888e-64c11bffabd4",
        "grossValue": 14042400,
        "homeNotional": 0.140424,
        "foreignNotional": 800
    },
    {
        "timestamp": "2019-05-03T12:03:20.601Z",
        "symbol": "XBTUSD",
        "side": "Buy",
        "size": 4000,
        "price": 5697,
        "tickDirection": "ZeroPlusTick",
        "trdMatchID": "f1eb0eb4-9ad7-6ee1-edbc-afbb4713f1e9",
        "grossValue": 70212000,
        "homeNotional": 0.70212,
        "foreignNotional": 4000
    },
    {
        "timestamp": "2019-05-03T12:03:21.617Z",
        "symbol": "XBTUSD",
        "side": "Buy",
        "size": 5000,
        "price": 5697,
        "tickDirection": "ZeroPlusTick",
        "trdMatchID": "a822195b-71ca-70e5-d432-534eda117851",
        "grossValue": 87765000,
        "homeNotional": 0.87765,
        "foreignNotional": 5000
    },
    {
        "timestamp": "2019-05-03T12:03:22.085Z",
        "symbol": "XBTUSD",
        "side": "Buy",
        "size": 2800,
        "price": 5697,
        "tickDirection": "ZeroPlusTick",
        "trdMatchID": "25677572-1c7d-ede9-14dd-c5829cb0c2f6",
        "grossValue": 49148400,
        "homeNotional": 0.491484,
        "foreignNotional": 2800
    },
    {
        "timestamp": "2019-05-03T12:03:23.896Z",
        "symbol": "XBTUSD",
        "side": "Sell",
        "size": 154,
        "price": 5696.5,
        "tickDirection": "MinusTick",
        "trdMatchID": "504b9130-f091-5daa-af4f-8a4bc5e8b4fb",
        "grossValue": 2703470,
        "homeNotional": 0.0270347,
        "foreignNotional": 154
    },
    {
        "timestamp": "2019-05-03T12:03:24.018Z",
        "symbol": "XBTUSD",
        "side": "Sell",
        "size": 371,
        "price": 5696.5,
        "tickDirection": "ZeroMinusTick",
        "trdMatchID": "2dcc0e92-3f5f-210c-c435-eddb697f0c8b",
        "grossValue": 6512905,
        "homeNotional": 0.06512905,
        "foreignNotional": 371
    },
    {
        "timestamp": "2019-05-03T12:03:24.951Z",
        "symbol": "XBTUSD",
        "side": "Sell",
        "size": 201,
        "price": 5696.5,
        "tickDirection": "ZeroMinusTick",
        "trdMatchID": "e97b4b86-77a9-dc6b-38a1-fd480be09d7c",
        "grossValue": 3528555,
        "homeNotional": 0.03528555,
        "foreignNotional": 201
    },
    {
        "timestamp": "2019-05-03T12:03:25.033Z",
        "symbol": "XBTUSD",
        "side": "Buy",
        "size": 150,
        "price": 5697,
        "tickDirection": "PlusTick",
        "trdMatchID": "1d22c887-a7c3-7937-8ed7-391d1c66ac2b",
        "grossValue": 2632950,
        "homeNotional": 0.0263295,
        "foreignNotional": 150
    },
    {
        "timestamp": "2019-05-03T12:03:25.033Z",
        "symbol": "XBTUSD",
        "side": "Buy",
        "size": 50,
        "price": 5697,
        "tickDirection": "ZeroPlusTick",
        "trdMatchID": "f4cb08ba-4b90-eae5-74d1-ea55e153ac5e",
        "grossValue": 877650,
        "homeNotional": 0.0087765,
        "foreignNotional": 50
    },
    {
        "timestamp": "2019-05-03T12:03:25.033Z",
        "symbol": "XBTUSD",
        "side": "Buy",
        "size": 418,
        "price": 5697,
        "tickDirection": "ZeroPlusTick",
        "trdMatchID": "d7f503c5-39b4-a2b3-552b-943c10fa097e",
        "grossValue": 7337154,
        "homeNotional": 0.07337154,
        "foreignNotional": 418
    },
    {
        "timestamp": "2019-05-03T12:03:25.033Z",
        "symbol": "XBTUSD",
        "side": "Buy",
        "size": 82,
        "price": 5697,
        "tickDirection": "ZeroPlusTick",
        "trdMatchID": "e690dde3-8e70-bd0c-2c28-0f0aaab45797",
        "grossValue": 1439346,
        "homeNotional": 0.01439346,
        "foreignNotional": 82
    },
    {
        "timestamp": "2019-05-03T12:03:26.852Z",
        "symbol": "XBTUSD",
        "side": "Sell",
        "size": 2500,
        "price": 5696.5,
        "tickDirection": "MinusTick",
        "trdMatchID": "4a39b92a-b35c-54b7-acf9-8d8935273f22",
        "grossValue": 43887500,
        "homeNotional": 0.438875,
        "foreignNotional": 2500
    },
    {
        "timestamp": "2019-05-03T12:03:26.923Z",
        "symbol": "XBTUSD",
        "side": "Buy",
        "size": 60,
        "price": 5697,
        "tickDirection": "PlusTick",
        "trdMatchID": "13bd3447-8870-42f5-6e8e-3ce048b5f542",
        "grossValue": 1053180,
        "homeNotional": 0.0105318,
        "foreignNotional": 60
    },
    {
        "timestamp": "2019-05-03T12:03:27.763Z",
        "symbol": "XBTUSD",
        "side": "Buy",
        "size": 4,
        "price": 5697,
        "tickDirection": "ZeroPlusTick",
        "trdMatchID": "41c19a2d-6b64-60c7-84d8-19e0d4dcb86a",
        "grossValue": 70212,
        "homeNotional": 0.00070212,
        "foreignNotional": 4
    },
    {
        "timestamp": "2019-05-03T12:03:28.816Z",
        "symbol": "XBTUSD",
        "side": "Buy",
        "size": 1400,
        "price": 5697,
        "tickDirection": "ZeroPlusTick",
        "trdMatchID": "e2283176-46c2-b475-1ae5-80c97be9e5e7",
        "grossValue": 24574200,
        "homeNotional": 0.245742,
        "foreignNotional": 1400
    },
    {
        "timestamp": "2019-05-03T12:03:28.977Z",
        "symbol": "XBTUSD",
        "side": "Buy",
        "size": 300,
        "price": 5697,
        "tickDirection": "ZeroPlusTick",
        "trdMatchID": "62928e09-d7ca-0ef6-6455-21d1f63e55e1",
        "grossValue": 5265900,
        "homeNotional": 0.052659,
        "foreignNotional": 300
    },
    {
        "timestamp": "2019-05-03T12:03:29.029Z",
        "symbol": "XBTUSD",
        "side": "Buy",
        "size": 1500,
        "price": 5697,
        "tickDirection": "ZeroPlusTick",
        "trdMatchID": "d69395d8-4abe-7312-badb-58bb63ba8061",
        "grossValue": 26329500,
        "homeNotional": 0.263295,
        "foreignNotional": 1500
    },
    {
        "timestamp": "2019-05-03T12:03:29.862Z",
        "symbol": "XBTUSD",
        "side": "Buy",
        "size": 50,
        "price": 5697,
        "tickDirection": "ZeroPlusTick",
        "trdMatchID": "32d542bf-b480-96eb-ceaa-696cb9d7f60b",
        "grossValue": 877650,
        "homeNotional": 0.0087765,
        "foreignNotional": 50
    },
    {
        "timestamp": "2019-05-03T12:03:30.014Z",
        "symbol": "XBTUSD",
        "side": "Buy",
        "size": 30065,
        "price": 5697,
        "tickDirection": "ZeroPlusTick",
        "trdMatchID": "df36134d-9e60-234f-7274-d55029aa0124",
        "grossValue": 527730945,
        "homeNotional": 5.27730945,
        "foreignNotional": 30065
    },
    {
        "timestamp": "2019-05-03T12:03:30.014Z",
        "symbol": "XBTUSD",
        "side": "Buy",
        "size": 473,
        "price": 5697,
        "tickDirection": "ZeroPlusTick",
        "trdMatchID": "cb820282-2c90-2187-ac39-df455935b164",
        "grossValue": 8302569,
        "homeNotional": 0.08302569,
        "foreignNotional": 473
    },
    {
        "timestamp": "2019-05-03T12:03:30.014Z",
        "symbol": "XBTUSD",
        "side": "Buy",
        "size": 54,
        "price": 5697,
        "tickDirection": "ZeroPlusTick",
        "trdMatchID": "a7110304-d73c-088e-09d2-8bc3852921b4",
        "grossValue": 947862,
        "homeNotional": 0.00947862,
        "foreignNotional": 54
    },
    {
        "timestamp": "2019-05-03T12:03:30.014Z",
        "symbol": "XBTUSD",
        "side": "Buy",
        "size": 1000,
        "price": 5697,
        "tickDirection": "ZeroPlusTick",
        "trdMatchID": "4091d7df-67ef-cb24-1422-88c501608999",
        "grossValue": 17553000,
        "homeNotional": 0.17553,
        "foreignNotional": 1000
    },
    {
        "timestamp": "2019-05-03T12:03:30.014Z",
        "symbol": "XBTUSD",
        "side": "Buy",
        "size": 10000,
        "price": 5697,
        "tickDirection": "ZeroPlusTick",
        "trdMatchID": "ac4f9e78-1e08-6aaf-42d3-84d6da12179f",
        "grossValue": 175530000,
        "homeNotional": 1.7553,
        "foreignNotional": 10000
    },
    {
        "timestamp": "2019-05-03T12:03:30.014Z",
        "symbol": "XBTUSD",
        "side": "Buy",
        "size": 26,
        "price": 5697,
        "tickDirection": "ZeroPlusTick",
        "trdMatchID": "26ba71a9-0d95-1769-3055-046af0e7ecf6",
        "grossValue": 456378,
        "homeNotional": 0.00456378,
        "foreignNotional": 26
    },
    {
        "timestamp": "2019-05-03T12:03:30.014Z",
        "symbol": "XBTUSD",
        "side": "Buy",
        "size": 1865,
        "price": 5697,
        "tickDirection": "ZeroPlusTick",
        "trdMatchID": "65329942-449d-0bec-17cb-142661ec5b63",
        "grossValue": 32736345,
        "homeNotional": 0.32736345,
        "foreignNotional": 1865
    },
    {
        "timestamp": "2019-05-03T12:03:30.014Z",
        "symbol": "XBTUSD",
        "side": "Buy",
        "size": 198,
        "price": 5697,
        "tickDirection": "ZeroPlusTick",
        "trdMatchID": "179cce05-1c52-8a79-9f7b-e07c3d326f7c",
        "grossValue": 3475494,
        "homeNotional": 0.03475494,
        "foreignNotional": 198
    },
    {
        "timestamp": "2019-05-03T12:03:30.014Z",
        "symbol": "XBTUSD",
        "side": "Buy",
        "size": 192,
        "price": 5697,
        "tickDirection": "ZeroPlusTick",
        "trdMatchID": "0483f8bf-0c17-e982-bc9f-db2d1459ac48",
        "grossValue": 3370176,
        "homeNotional": 0.03370176,
        "foreignNotional": 192
    },
    {
        "timestamp": "2019-05-03T12:03:30.014Z",
        "symbol": "XBTUSD",
        "side": "Buy",
        "size": 239,
        "price": 5697,
        "tickDirection": "ZeroPlusTick",
        "trdMatchID": "1f7a6aa8-27bc-78dc-ba97-384ccd79563f",
        "grossValue": 4195167,
        "homeNotional": 0.04195167,
        "foreignNotional": 239
    },
    {
        "timestamp": "2019-05-03T12:03:30.014Z",
        "symbol": "XBTUSD",
        "side": "Buy",
        "size": 108,
        "price": 5697,
        "tickDirection": "ZeroPlusTick",
        "trdMatchID": "bc474585-34f4-079d-f39b-0ca3027180f8",
        "grossValue": 1895724,
        "homeNotional": 0.01895724,
        "foreignNotional": 108
    },
    {
        "timestamp": "2019-05-03T12:03:30.014Z",
        "symbol": "XBTUSD",
        "side": "Buy",
        "size": 240,
        "price": 5697,
        "tickDirection": "ZeroPlusTick",
        "trdMatchID": "75077948-9a71-cf55-2c9e-c9caf394d86c",
        "grossValue": 4212720,
        "homeNotional": 0.0421272,
        "foreignNotional": 240
    },
    {
        "timestamp": "2019-05-03T12:03:30.014Z",
        "symbol": "XBTUSD",
        "side": "Buy",
        "size": 132,
        "price": 5697,
        "tickDirection": "ZeroPlusTick",
        "trdMatchID": "6129fc96-399d-c2ea-2dc3-bdbe3e77f20f",
        "grossValue": 2316996,
        "homeNotional": 0.02316996,
        "foreignNotional": 132
    },
    {
        "timestamp": "2019-05-03T12:03:30.014Z",
        "symbol": "XBTUSD",
        "side": "Buy",
        "size": 48,
        "price": 5697,
        "tickDirection": "ZeroPlusTick",
        "trdMatchID": "fb6cdb15-30d1-d22f-ee9c-76c9d4575f1c",
        "grossValue": 842544,
        "homeNotional": 0.00842544,
        "foreignNotional": 48
    },
    {
        "timestamp": "2019-05-03T12:03:30.014Z",
        "symbol": "XBTUSD",
        "side": "Buy",
        "size": 47,
        "price": 5697,
        "tickDirection": "ZeroPlusTick",
        "trdMatchID": "5a959c84-3f60-fd33-b576-93edffb09e3e",
        "grossValue": 824991,
        "homeNotional": 0.00824991,
        "foreignNotional": 47
    },
    {
        "timestamp": "2019-05-03T12:03:30.014Z",
        "symbol": "XBTUSD",
        "side": "Buy",
        "size": 15,
        "price": 5697,
        "tickDirection": "ZeroPlusTick",
        "trdMatchID": "4a2ad214-bda3-75cd-ade4-bb2008f19910",
        "grossValue": 263295,
        "homeNotional": 0.00263295,
        "foreignNotional": 15
    },
    {
        "timestamp": "2019-05-03T12:03:30.014Z",
        "symbol": "XBTUSD",
        "side": "Buy",
        "size": 17,
        "price": 5697,
        "tickDirection": "ZeroPlusTick",
        "trdMatchID": "4ec138f1-93fe-5479-07f5-868b1bc267de",
        "grossValue": 298401,
        "homeNotional": 0.00298401,
        "foreignNotional": 17
    },
    {
        "timestamp": "2019-05-03T12:03:30.014Z",
        "symbol": "XBTUSD",
        "side": "Buy",
        "size": 541,
        "price": 5697,
        "tickDirection": "ZeroPlusTick",
        "trdMatchID": "bc4df376-10e8-20f7-59fa-399f8cd1c8e9",
        "grossValue": 9496173,
        "homeNotional": 0.09496173,
        "foreignNotional": 541
    },
    {
        "timestamp": "2019-05-03T12:03:30.014Z",
        "symbol": "XBTUSD",
        "side": "Buy",
        "size": 500,
        "price": 5697,
        "tickDirection": "ZeroPlusTick",
        "trdMatchID": "8208d9bc-2e6e-e108-b604-d19e235bbbb8",
        "grossValue": 8776500,
        "homeNotional": 0.087765,
        "foreignNotional": 500
    },
    {
        "timestamp": "2019-05-03T12:03:30.014Z",
        "symbol": "XBTUSD",
        "side": "Buy",
        "size": 474,
        "price": 5697,
        "tickDirection": "ZeroPlusTick",
        "trdMatchID": "3b0e494e-78ad-2694-6809-bf4f2590e978",
        "grossValue": 8320122,
        "homeNotional": 0.08320122,
        "foreignNotional": 474
    },
    {
        "timestamp": "2019-05-03T12:03:30.014Z",
        "symbol": "XBTUSD",
        "side": "Buy",
        "size": 3000,
        "price": 5697,
        "tickDirection": "ZeroPlusTick",
        "trdMatchID": "252c8dd4-2711-09c2-5012-971db69d6480",
        "grossValue": 52659000,
        "homeNotional": 0.52659,
        "foreignNotional": 3000
    },
    {
        "timestamp": "2019-05-03T12:03:30.014Z",
        "symbol": "XBTUSD",
        "side": "Buy",
        "size": 50,
        "price": 5697,
        "tickDirection": "ZeroPlusTick",
        "trdMatchID": "e711b5f9-81ed-a983-3a83-2d9d5b1fba11",
        "grossValue": 877650,
        "homeNotional": 0.0087765,
        "foreignNotional": 50
    },
    {
        "timestamp": "2019-05-03T12:03:30.014Z",
        "symbol": "XBTUSD",
        "side": "Buy",
        "size": 500,
        "price": 5697,
        "tickDirection": "ZeroPlusTick",
        "trdMatchID": "7bd2f43d-0c71-14b3-8fd5-26d6bcf59a9a",
        "grossValue": 8776500,
        "homeNotional": 0.087765,
        "foreignNotional": 500
    },
    {
        "timestamp": "2019-05-03T12:03:30.014Z",
        "symbol": "XBTUSD",
        "side": "Buy",
        "size": 3000,
        "price": 5697,
        "tickDirection": "ZeroPlusTick",
        "trdMatchID": "676df781-ae9d-8595-6cf8-dd6c0e55fd4a",
        "grossValue": 52659000,
        "homeNotional": 0.52659,
        "foreignNotional": 3000
    },
    {
        "timestamp": "2019-05-03T12:03:30.014Z",
        "symbol": "XBTUSD",
        "side": "Buy",
        "size": 50,
        "price": 5697,
        "tickDirection": "ZeroPlusTick",
        "trdMatchID": "9bac2e4f-cc69-2b84-2807-4d928f49239c",
        "grossValue": 877650,
        "homeNotional": 0.0087765,
        "foreignNotional": 50
    },
    {
        "timestamp": "2019-05-03T12:03:30.014Z",
        "symbol": "XBTUSD",
        "side": "Buy",
        "size": 3000,
        "price": 5697,
        "tickDirection": "ZeroPlusTick",
        "trdMatchID": "a718e20c-6472-c6c0-051e-7a78fbdec876",
        "grossValue": 52659000,
        "homeNotional": 0.52659,
        "foreignNotional": 3000
    },
    {
        "timestamp": "2019-05-03T12:03:30.014Z",
        "symbol": "XBTUSD",
        "side": "Buy",
        "size": 569,
        "price": 5697,
        "tickDirection": "ZeroPlusTick",
        "trdMatchID": "ae58fe7b-9e87-2ffe-bbad-38f7af915a75",
        "grossValue": 9987657,
        "homeNotional": 0.09987657,
        "foreignNotional": 569
    },
    {
        "timestamp": "2019-05-03T12:03:30.014Z",
        "symbol": "XBTUSD",
        "side": "Buy",
        "size": 39879,
        "price": 5697,
        "tickDirection": "ZeroPlusTick",
        "trdMatchID": "67905f4d-3372-2a6e-99c9-dffa2df59b93",
        "grossValue": 699996087,
        "homeNotional": 6.99996087,
        "foreignNotional": 39879
    },
    {
        "timestamp": "2019-05-03T12:03:30.014Z",
        "symbol": "XBTUSD",
        "side": "Buy",
        "size": 20,
        "price": 5697,
        "tickDirection": "ZeroPlusTick",
        "trdMatchID": "6e231748-b769-b3d4-eb1c-151679689956",
        "grossValue": 351060,
        "homeNotional": 0.0035106,
        "foreignNotional": 20
    },
    {
        "timestamp": "2019-05-03T12:03:30.014Z",
        "symbol": "XBTUSD",
        "side": "Buy",
        "size": 36,
        "price": 5697,
        "tickDirection": "ZeroPlusTick",
        "trdMatchID": "c1c336a1-010f-ffaf-142c-87fa5f42a614",
        "grossValue": 631908,
        "homeNotional": 0.00631908,
        "foreignNotional": 36
    },
    {
        "timestamp": "2019-05-03T12:03:30.014Z",
        "symbol": "XBTUSD",
        "side": "Buy",
        "size": 500,
        "price": 5697.5,
        "tickDirection": "PlusTick",
        "trdMatchID": "cbc36965-aac3-b7b3-e6d6-43df9d41dba7",
        "grossValue": 8776000,
        "homeNotional": 0.08776,
        "foreignNotional": 500
    },
    {
        "timestamp": "2019-05-03T12:03:30.014Z",
        "symbol": "XBTUSD",
        "side": "Buy",
        "size": 50,
        "price": 5697.5,
        "tickDirection": "ZeroPlusTick",
        "trdMatchID": "16aac486-e53c-14e5-47d4-3981e9d09a91",
        "grossValue": 877600,
        "homeNotional": 0.008776,
        "foreignNotional": 50
    },
    {
        "timestamp": "2019-05-03T12:03:30.014Z",
        "symbol": "XBTUSD",
        "side": "Buy",
        "size": 80,
        "price": 5697.5,
        "tickDirection": "ZeroPlusTick",
        "trdMatchID": "1d390fa1-7100-49d1-0019-cb411fd052a2",
        "grossValue": 1404160,
        "homeNotional": 0.0140416,
        "foreignNotional": 80
    },
    {
        "timestamp": "2019-05-03T12:03:30.014Z",
        "symbol": "XBTUSD",
        "side": "Buy",
        "size": 100,
        "price": 5697.5,
        "tickDirection": "ZeroPlusTick",
        "trdMatchID": "8d8abfd8-3913-e7b1-debd-0362a70e9647",
        "grossValue": 1755200,
        "homeNotional": 0.017552,
        "foreignNotional": 100
    },
    {
        "timestamp": "2019-05-03T12:03:30.014Z",
        "symbol": "XBTUSD",
        "side": "Buy",
        "size": 100,
        "price": 5697.5,
        "tickDirection": "ZeroPlusTick",
        "trdMatchID": "5672d0f3-e642-b128-47eb-22ca8f02e61e",
        "grossValue": 1755200,
        "homeNotional": 0.017552,
        "foreignNotional": 100
    },
    {
        "timestamp": "2019-05-03T12:03:30.014Z",
        "symbol": "XBTUSD",
        "side": "Buy",
        "size": 150,
        "price": 5697.5,
        "tickDirection": "ZeroPlusTick",
        "trdMatchID": "4f275c7e-64e3-2aa5-0b72-81a5e4e314cf",
        "grossValue": 2632800,
        "homeNotional": 0.026328,
        "foreignNotional": 150
    },
    {
        "timestamp": "2019-05-03T12:03:30.014Z",
        "symbol": "XBTUSD",
        "side": "Buy",
        "size": 1709,
        "price": 5697.5,
        "tickDirection": "ZeroPlusTick",
        "trdMatchID": "92ae908c-37b8-e01b-22cb-2bbe38f95c3f",
        "grossValue": 29996368,
        "homeNotional": 0.29996368,
        "foreignNotional": 1709
    },
    {
        "timestamp": "2019-05-03T12:03:30.014Z",
        "symbol": "XBTUSD",
        "side": "Buy",
        "size": 50,
        "price": 5697.5,
        "tickDirection": "ZeroPlusTick",
        "trdMatchID": "4a690228-9367-90ac-dbac-a1dde20260d8",
        "grossValue": 877600,
        "homeNotional": 0.008776,
        "foreignNotional": 50
    },
    {
        "timestamp": "2019-05-03T12:03:30.014Z",
        "symbol": "XBTUSD",
        "side": "Buy",
        "size": 6925,
        "price": 5697.5,
        "tickDirection": "ZeroPlusTick",
        "trdMatchID": "1ae2653c-eac4-7c0f-39c3-ee3be5cd5a7d",
        "grossValue": 121547600,
        "homeNotional": 1.215476,
        "foreignNotional": 6925
    },
    {
        "timestamp": "2019-05-03T12:03:30.014Z",
        "symbol": "XBTUSD",
        "side": "Buy",
        "size": 15,
        "price": 5697.5,
        "tickDirection": "ZeroPlusTick",
        "trdMatchID": "2e2bb82b-ed4a-2eb5-ec43-874854d69315",
        "grossValue": 263280,
        "homeNotional": 0.0026328,
        "foreignNotional": 15
    },
    {
        "timestamp": "2019-05-03T12:03:30.014Z",
        "symbol": "XBTUSD",
        "side": "Buy",
        "size": 36,
        "price": 5697.5,
        "tickDirection": "ZeroPlusTick",
        "trdMatchID": "e70435b2-0eed-e8f3-b8e9-aeee9b9af44e",
        "grossValue": 631872,
        "homeNotional": 0.00631872,
        "foreignNotional": 36
    },
    {
        "timestamp": "2019-05-03T12:03:30.014Z",
        "symbol": "XBTUSD",
        "side": "Buy",
        "size": 198,
        "price": 5697.5,
        "tickDirection": "ZeroPlusTick",
        "trdMatchID": "a1f2b828-c602-0260-8444-ca9703820218",
        "grossValue": 3475296,
        "homeNotional": 0.03475296,
        "foreignNotional": 198
    },
    {
        "timestamp": "2019-05-03T12:03:30.014Z",
        "symbol": "XBTUSD",
        "side": "Buy",
        "size": 36,
        "price": 5697.5,
        "tickDirection": "ZeroPlusTick",
        "trdMatchID": "c185724e-05b6-4d5a-4c64-d585be514de7",
        "grossValue": 631872,
        "homeNotional": 0.00631872,
        "foreignNotional": 36
    },
    {
        "timestamp": "2019-05-03T12:03:30.014Z",
        "symbol": "XBTUSD",
        "side": "Buy",
        "size": 10,
        "price": 5697.5,
        "tickDirection": "ZeroPlusTick",
        "trdMatchID": "ec9a137a-3308-4544-7dac-2a155017bd74",
        "grossValue": 175520,
        "homeNotional": 0.0017552,
        "foreignNotional": 10
    },
    {
        "timestamp": "2019-05-03T12:03:30.014Z",
        "symbol": "XBTUSD",
        "side": "Buy",
        "size": 31,
        "price": 5697.5,
        "tickDirection": "ZeroPlusTick",
        "trdMatchID": "6058753d-67e4-d746-75a2-da204b016041",
        "grossValue": 544112,
        "homeNotional": 0.00544112,
        "foreignNotional": 31
    },
    {
        "timestamp": "2019-05-03T12:03:30.014Z",
        "symbol": "XBTUSD",
        "side": "Buy",
        "size": 168,
        "price": 5697.5,
        "tickDirection": "ZeroPlusTick",
        "trdMatchID": "0f16e8e2-0bff-08b6-7ebb-47a96c51cec4",
        "grossValue": 2948736,
        "homeNotional": 0.02948736,
        "foreignNotional": 168
    },
    {
        "timestamp": "2019-05-03T12:03:30.014Z",
        "symbol": "XBTUSD",
        "side": "Buy",
        "size": 1280,
        "price": 5697.5,
        "tickDirection": "ZeroPlusTick",
        "trdMatchID": "3f2dfbf7-0d74-f754-7dde-3255efd47041",
        "grossValue": 22466560,
        "homeNotional": 0.2246656,
        "foreignNotional": 1280
    },
    {
        "timestamp": "2019-05-03T12:03:30.014Z",
        "symbol": "XBTUSD",
        "side": "Buy",
        "size": 50,
        "price": 5697.5,
        "tickDirection": "ZeroPlusTick",
        "trdMatchID": "cb21ff06-ec4b-8173-084b-dbf35ab7fa75",
        "grossValue": 877600,
        "homeNotional": 0.008776,
        "foreignNotional": 50
    },
    {
        "timestamp": "2019-05-03T12:03:30.014Z",
        "symbol": "XBTUSD",
        "side": "Buy",
        "size": 20,
        "price": 5697.5,
        "tickDirection": "ZeroPlusTick",
        "trdMatchID": "bbfc198d-cb4e-ce31-da66-169dc4d51eea",
        "grossValue": 351040,
        "homeNotional": 0.0035104,
        "foreignNotional": 20
    },
    {
        "timestamp": "2019-05-03T12:03:30.014Z",
        "symbol": "XBTUSD",
        "side": "Buy",
        "size": 5348,
        "price": 5697.5,
        "tickDirection": "ZeroPlusTick",
        "trdMatchID": "7f81ea3e-666c-0bf2-71e7-009a155789b2",
        "grossValue": 93868096,
        "homeNotional": 0.93868096,
        "foreignNotional": 5348
    },
    {
        "timestamp": "2019-05-03T12:03:30.014Z",
        "symbol": "XBTUSD",
        "side": "Buy",
        "size": 17,
        "price": 5697.5,
        "tickDirection": "ZeroPlusTick",
        "trdMatchID": "213410a1-3b68-4674-c1c2-916bf0be10f0",
        "grossValue": 298384,
        "homeNotional": 0.00298384,
        "foreignNotional": 17
    },
    {
        "timestamp": "2019-05-03T12:03:30.014Z",
        "symbol": "XBTUSD",
        "side": "Buy",
        "size": 20,
        "price": 5697.5,
        "tickDirection": "ZeroPlusTick",
        "trdMatchID": "7d803db3-8189-705b-9a61-0ce6e4c1804e",
        "grossValue": 351040,
        "homeNotional": 0.0035104,
        "foreignNotional": 20
    },
    {
        "timestamp": "2019-05-03T12:03:30.014Z",
        "symbol": "XBTUSD",
        "side": "Buy",
        "size": 36,
        "price": 5697.5,
        "tickDirection": "ZeroPlusTick",
        "trdMatchID": "0e0a45b4-a12d-95ec-134b-cd3e78b48a97",
        "grossValue": 631872,
        "homeNotional": 0.00631872,
        "foreignNotional": 36
    },
    {
        "timestamp": "2019-05-03T12:03:30.014Z",
        "symbol": "XBTUSD",
        "side": "Buy",
        "size": 200,
        "price": 5698,
        "tickDirection": "PlusTick",
        "trdMatchID": "1e4a07eb-f18e-5aab-aba5-7e6cb2ae57c0",
        "grossValue": 3510000,
        "homeNotional": 0.0351,
        "foreignNotional": 200
    },
    {
        "timestamp": "2019-05-03T12:03:30.014Z",
        "symbol": "XBTUSD",
        "side": "Buy",
        "size": 400,
        "price": 5698,
        "tickDirection": "ZeroPlusTick",
        "trdMatchID": "2071e210-fb49-3279-82df-08dff178a53e",
        "grossValue": 7020000,
        "homeNotional": 0.0702,
        "foreignNotional": 400
    },
    {
        "timestamp": "2019-05-03T12:03:30.014Z",
        "symbol": "XBTUSD",
        "side": "Buy",
        "size": 50,
        "price": 5698,
        "tickDirection": "ZeroPlusTick",
        "trdMatchID": "b3ee7dff-27ab-9b3d-bf67-b204b2d4c32f",
        "grossValue": 877500,
        "homeNotional": 0.008775,
        "foreignNotional": 50
    },
    {
        "timestamp": "2019-05-03T12:03:30.014Z",
        "symbol": "XBTUSD",
        "side": "Buy",
        "size": 150,
        "price": 5698,
        "tickDirection": "ZeroPlusTick",
        "trdMatchID": "1e40a149-cb77-fadd-0c03-12d5a75c9901",
        "grossValue": 2632500,
        "homeNotional": 0.026325,
        "foreignNotional": 150
    },
    {
        "timestamp": "2019-05-03T12:03:30.014Z",
        "symbol": "XBTUSD",
        "side": "Buy",
        "size": 1585,
        "price": 5698,
        "tickDirection": "ZeroPlusTick",
        "trdMatchID": "069ff32f-526f-925b-4d61-eec9a39445e6",
        "grossValue": 27816750,
        "homeNotional": 0.2781675,
        "foreignNotional": 1585
    },
    {
        "timestamp": "2019-05-03T12:03:30.014Z",
        "symbol": "XBTUSD",
        "side": "Buy",
        "size": 1585,
        "price": 5698,
        "tickDirection": "ZeroPlusTick",
        "trdMatchID": "a91f35b4-a343-a23b-a2bd-1afb33a14dbf",
        "grossValue": 27816750,
        "homeNotional": 0.2781675,
        "foreignNotional": 1585
    },
    {
        "timestamp": "2019-05-03T12:03:30.014Z",
        "symbol": "XBTUSD",
        "side": "Buy",
        "size": 10549,
        "price": 5698,
        "tickDirection": "ZeroPlusTick",
        "trdMatchID": "05863a54-d66b-b497-af5b-57a84e9e4251",
        "grossValue": 185134950,
        "homeNotional": 1.8513495,
        "foreignNotional": 10549
    },
    {
        "timestamp": "2019-05-03T12:03:30.014Z",
        "symbol": "XBTUSD",
        "side": "Buy",
        "size": 2850,
        "price": 5698,
        "tickDirection": "ZeroPlusTick",
        "trdMatchID": "8ee508d3-dabb-1e3c-2c8f-59ff58f96aed",
        "grossValue": 50017500,
        "homeNotional": 0.500175,
        "foreignNotional": 2850
    },
    {
        "timestamp": "2019-05-03T12:03:30.014Z",
        "symbol": "XBTUSD",
        "side": "Buy",
        "size": 1917,
        "price": 5698,
        "tickDirection": "ZeroPlusTick",
        "trdMatchID": "d2228490-1c92-110c-505a-7fd42141e59e",
        "grossValue": 33643350,
        "homeNotional": 0.3364335,
        "foreignNotional": 1917
    },
    {
        "timestamp": "2019-05-03T12:03:30.014Z",
        "symbol": "XBTUSD",
        "side": "Buy",
        "size": 1917,
        "price": 5698,
        "tickDirection": "ZeroPlusTick",
        "trdMatchID": "1e79cb73-431f-e507-3438-3f4ed6d04b8c",
        "grossValue": 33643350,
        "homeNotional": 0.3364335,
        "foreignNotional": 1917
    },
    {
        "timestamp": "2019-05-03T12:03:30.014Z",
        "symbol": "XBTUSD",
        "side": "Buy",
        "size": 10069,
        "price": 5698,
        "tickDirection": "ZeroPlusTick",
        "trdMatchID": "4fd6e6e6-0bcc-7963-4c00-e15ecb1766b2",
        "grossValue": 176710950,
        "homeNotional": 1.7671095,
        "foreignNotional": 10069
    },
    {
        "timestamp": "2019-05-03T12:03:30.014Z",
        "symbol": "XBTUSD",
        "side": "Buy",
        "size": 50,
        "price": 5698,
        "tickDirection": "ZeroPlusTick",
        "trdMatchID": "85f15bc1-18de-f5e2-d539-8f53908dae35",
        "grossValue": 877500,
        "homeNotional": 0.008775,
        "foreignNotional": 50
    },
    {
        "timestamp": "2019-05-03T12:03:30.014Z",
        "symbol": "XBTUSD",
        "side": "Buy",
        "size": 108,
        "price": 5698,
        "tickDirection": "ZeroPlusTick",
        "trdMatchID": "e2ac8113-81f9-31ae-cb6d-190df71584d1",
        "grossValue": 1895400,
        "homeNotional": 0.018954,
        "foreignNotional": 108
    },
    {
        "timestamp": "2019-05-03T12:03:30.014Z",
        "symbol": "XBTUSD",
        "side": "Buy",
        "size": 99,
        "price": 5698,
        "tickDirection": "ZeroPlusTick",
        "trdMatchID": "58858736-88c1-8fc3-1fcf-69c4d768610d",
        "grossValue": 1737450,
        "homeNotional": 0.0173745,
        "foreignNotional": 99
    },
    {
        "timestamp": "2019-05-03T12:03:30.014Z",
        "symbol": "XBTUSD",
        "side": "Buy",
        "size": 96,
        "price": 5698,
        "tickDirection": "ZeroPlusTick",
        "trdMatchID": "13c6957b-bb34-a987-d7d2-07faabbb65c9",
        "grossValue": 1684800,
        "homeNotional": 0.016848,
        "foreignNotional": 96
    },
    {
        "timestamp": "2019-05-03T12:03:30.014Z",
        "symbol": "XBTUSD",
        "side": "Buy",
        "size": 198,
        "price": 5698,
        "tickDirection": "ZeroPlusTick",
        "trdMatchID": "58a177f7-0baf-6ae1-c0e1-12a0133c8a46",
        "grossValue": 3474900,
        "homeNotional": 0.034749,
        "foreignNotional": 198
    },
    {
        "timestamp": "2019-05-03T12:03:30.014Z",
        "symbol": "XBTUSD",
        "side": "Buy",
        "size": 100,
        "price": 5698,
        "tickDirection": "ZeroPlusTick",
        "trdMatchID": "f135e6e8-d0d1-200e-d07f-814ea00ae1ca",
        "grossValue": 1755000,
        "homeNotional": 0.01755,
        "foreignNotional": 100
    },
    {
        "timestamp": "2019-05-03T12:03:30.014Z",
        "symbol": "XBTUSD",
        "side": "Buy",
        "size": 21,
        "price": 5698,
        "tickDirection": "ZeroPlusTick",
        "trdMatchID": "1b3591f2-5bfd-ea7f-051d-cf9f26b50f44",
        "grossValue": 368550,
        "homeNotional": 0.0036855,
        "foreignNotional": 21
    },
    {
        "timestamp": "2019-05-03T12:03:30.014Z",
        "symbol": "XBTUSD",
        "side": "Buy",
        "size": 17,
        "price": 5698,
        "tickDirection": "ZeroPlusTick",
        "trdMatchID": "d8074db4-41b5-f969-776c-d6ecf8a08dbf",
        "grossValue": 298350,
        "homeNotional": 0.0029835,
        "foreignNotional": 17
    },
    {
        "timestamp": "2019-05-03T12:03:30.014Z",
        "symbol": "XBTUSD",
        "side": "Buy",
        "size": 1000,
        "price": 5698.5,
        "tickDirection": "PlusTick",
        "trdMatchID": "4a3b6e66-56ef-2c4f-285f-d4723cee9d85",
        "grossValue": 17548000,
        "homeNotional": 0.17548,
        "foreignNotional": 1000
    },
    {
        "timestamp": "2019-05-03T12:03:30.014Z",
        "symbol": "XBTUSD",
        "side": "Buy",
        "size": 50,
        "price": 5698.5,
        "tickDirection": "ZeroPlusTick",
        "trdMatchID": "e2f42b5e-0e94-021b-a25b-f1684a1715aa",
        "grossValue": 877400,
        "homeNotional": 0.008774,
        "foreignNotional": 50
    },
    {
        "timestamp": "2019-05-03T12:03:30.014Z",
        "symbol": "XBTUSD",
        "side": "Buy",
        "size": 1000,
        "price": 5698.5,
        "tickDirection": "ZeroPlusTick",
        "trdMatchID": "4b9ccfcd-d55f-d839-7d5b-b1ad62df3aee",
        "grossValue": 17548000,
        "homeNotional": 0.17548,
        "foreignNotional": 1000
    },
    {
        "timestamp": "2019-05-03T12:03:30.014Z",
        "symbol": "XBTUSD",
        "side": "Buy",
        "size": 100,
        "price": 5698.5,
        "tickDirection": "ZeroPlusTick",
        "trdMatchID": "c0b3c4b7-5ae9-c625-7eb9-e04577ab2fbe",
        "grossValue": 1754800,
        "homeNotional": 0.017548,
        "foreignNotional": 100
    },
    {
        "timestamp": "2019-05-03T12:03:30.014Z",
        "symbol": "XBTUSD",
        "side": "Buy",
        "size": 30,
        "price": 5698.5,
        "tickDirection": "ZeroPlusTick",
        "trdMatchID": "2252b198-b825-e19b-0f30-6bd50c29d110",
        "grossValue": 526440,
        "homeNotional": 0.0052644,
        "foreignNotional": 30
    },
    {
        "timestamp": "2019-05-03T12:03:30.014Z",
        "symbol": "XBTUSD",
        "side": "Buy",
        "size": 147,
        "price": 5698.5,
        "tickDirection": "ZeroPlusTick",
        "trdMatchID": "f3281dee-3649-6103-1fb0-1b79cb97fbdd",
        "grossValue": 2579556,
        "homeNotional": 0.02579556,
        "foreignNotional": 147
    },
    {
        "timestamp": "2019-05-03T12:03:30.014Z",
        "symbol": "XBTUSD",
        "side": "Buy",
        "size": 534,
        "price": 5698.5,
        "tickDirection": "ZeroPlusTick",
        "trdMatchID": "cf214380-6154-b3c8-99ed-c549fc2c0483",
        "grossValue": 9370632,
        "homeNotional": 0.09370632,
        "foreignNotional": 534
    },
    {
        "timestamp": "2019-05-03T12:03:30.014Z",
        "symbol": "XBTUSD",
        "side": "Buy",
        "size": 1000,
        "price": 5698.5,
        "tickDirection": "ZeroPlusTick",
        "trdMatchID": "02384126-fb18-918a-d27f-0d7b7c647f16",
        "grossValue": 17548000,
        "homeNotional": 0.17548,
        "foreignNotional": 1000
    },
    {
        "timestamp": "2019-05-03T12:03:30.014Z",
        "symbol": "XBTUSD",
        "side": "Buy",
        "size": 499,
        "price": 5698.5,
        "tickDirection": "ZeroPlusTick",
        "trdMatchID": "db7181ef-0992-99d8-1538-db6dac6c02b9",
        "grossValue": 8756452,
        "homeNotional": 0.08756452,
        "foreignNotional": 499
    },
    {
        "timestamp": "2019-05-03T12:03:30.014Z",
        "symbol": "XBTUSD",
        "side": "Buy",
        "size": 135,
        "price": 5698.5,
        "tickDirection": "ZeroPlusTick",
        "trdMatchID": "270dca3f-09e4-3732-6cbc-8bac61a85611",
        "grossValue": 2368980,
        "homeNotional": 0.0236898,
        "foreignNotional": 135
    },
    {
        "timestamp": "2019-05-03T12:03:30.014Z",
        "symbol": "XBTUSD",
        "side": "Buy",
        "size": 17,
        "price": 5698.5,
        "tickDirection": "ZeroPlusTick",
        "trdMatchID": "10589bdd-3f13-5a1e-e055-ec8f491bebd8",
        "grossValue": 298316,
        "homeNotional": 0.00298316,
        "foreignNotional": 17
    },
    {
        "timestamp": "2019-05-03T12:03:30.014Z",
        "symbol": "XBTUSD",
        "side": "Buy",
        "size": 198,
        "price": 5698.5,
        "tickDirection": "ZeroPlusTick",
        "trdMatchID": "66949279-5e4b-3f77-226a-6b9d538b2704",
        "grossValue": 3474504,
        "homeNotional": 0.03474504,
        "foreignNotional": 198
    },
    {
        "timestamp": "2019-05-03T12:03:30.014Z",
        "symbol": "XBTUSD",
        "side": "Buy",
        "size": 5000,
        "price": 5698.5,
        "tickDirection": "ZeroPlusTick",
        "trdMatchID": "1659ccfc-2401-0372-b84b-d501d0f9aed0",
        "grossValue": 87740000,
        "homeNotional": 0.8774,
        "foreignNotional": 5000
    },
    {
        "timestamp": "2019-05-03T12:03:30.014Z",
        "symbol": "XBTUSD",
        "side": "Buy",
        "size": 22,
        "price": 5698.5,
        "tickDirection": "ZeroPlusTick",
        "trdMatchID": "cb056678-0d96-8d37-a773-c05c66f7162a",
        "grossValue": 386056,
        "homeNotional": 0.00386056,
        "foreignNotional": 22
    },
    {
        "timestamp": "2019-05-03T12:03:30.014Z",
        "symbol": "XBTUSD",
        "side": "Buy",
        "size": 33470,
        "price": 5698.5,
        "tickDirection": "ZeroPlusTick",
        "trdMatchID": "a35358d7-e3f8-d5ea-e8ef-d69adbac3e66",
        "grossValue": 587331560,
        "homeNotional": 5.8733156,
        "foreignNotional": 33470
    },
    {
        "timestamp": "2019-05-03T12:03:30.014Z",
        "symbol": "XBTUSD",
        "side": "Buy",
        "size": 17,
        "price": 5698.5,
        "tickDirection": "ZeroPlusTick",
        "trdMatchID": "5428c626-bac1-e380-3371-faa225873ec1",
        "grossValue": 298316,
        "homeNotional": 0.00298316,
        "foreignNotional": 17
    },
    {
        "timestamp": "2019-05-03T12:03:30.014Z",
        "symbol": "XBTUSD",
        "side": "Buy",
        "size": 50,
        "price": 5699,
        "tickDirection": "PlusTick",
        "trdMatchID": "a7785d7e-4e83-2791-837d-47c0002f001f",
        "grossValue": 877350,
        "homeNotional": 0.0087735,
        "foreignNotional": 50
    },
    {
        "timestamp": "2019-05-03T12:03:30.014Z",
        "symbol": "XBTUSD",
        "side": "Buy",
        "size": 455,
        "price": 5699,
        "tickDirection": "ZeroPlusTick",
        "trdMatchID": "79d27723-b8e8-4c8d-4e43-2dc84b9c29ba",
        "grossValue": 7983885,
        "homeNotional": 0.07983885,
        "foreignNotional": 455
    },
    {
        "timestamp": "2019-05-03T12:03:30.014Z",
        "symbol": "XBTUSD",
        "side": "Buy",
        "size": 20000,
        "price": 5699,
        "tickDirection": "ZeroPlusTick",
        "trdMatchID": "ec6bbcdb-ad6c-1f49-b461-abe919de6230",
        "grossValue": 350940000,
        "homeNotional": 3.5094,
        "foreignNotional": 20000
    },
    {
        "timestamp": "2019-05-03T12:03:30.014Z",
        "symbol": "XBTUSD",
        "side": "Buy",
        "size": 2000,
        "price": 5699,
        "tickDirection": "ZeroPlusTick",
        "trdMatchID": "a558027c-900e-1d18-5905-d979d0059b17",
        "grossValue": 35094000,
        "homeNotional": 0.35094,
        "foreignNotional": 2000
    },
    {
        "timestamp": "2019-05-03T12:03:30.014Z",
        "symbol": "XBTUSD",
        "side": "Buy",
        "size": 1500,
        "price": 5699,
        "tickDirection": "ZeroPlusTick",
        "trdMatchID": "78b24f23-1897-b8f8-84f8-6297bfea7fc3",
        "grossValue": 26320500,
        "homeNotional": 0.263205,
        "foreignNotional": 1500
    },
    {
        "timestamp": "2019-05-03T12:03:30.014Z",
        "symbol": "XBTUSD",
        "side": "Buy",
        "size": 1000,
        "price": 5699,
        "tickDirection": "ZeroPlusTick",
        "trdMatchID": "f1d97cf4-c941-2375-acc0-4545d14f617b",
        "grossValue": 17547000,
        "homeNotional": 0.17547,
        "foreignNotional": 1000
    },
    {
        "timestamp": "2019-05-03T12:03:30.014Z",
        "symbol": "XBTUSD",
        "side": "Buy",
        "size": 10000,
        "price": 5699,
        "tickDirection": "ZeroPlusTick",
        "trdMatchID": "3b4cdc51-5c0a-d598-b079-8aadd829d023",
        "grossValue": 175470000,
        "homeNotional": 1.7547,
        "foreignNotional": 10000
    },
    {
        "timestamp": "2019-05-03T12:03:30.014Z",
        "symbol": "XBTUSD",
        "side": "Buy",
        "size": 100,
        "price": 5699,
        "tickDirection": "ZeroPlusTick",
        "trdMatchID": "ec443512-3e1d-f15b-4e2a-1e5068942bf0",
        "grossValue": 1754700,
        "homeNotional": 0.017547,
        "foreignNotional": 100
    },
    {
        "timestamp": "2019-05-03T12:03:30.014Z",
        "symbol": "XBTUSD",
        "side": "Buy",
        "size": 15,
        "price": 5699,
        "tickDirection": "ZeroPlusTick",
        "trdMatchID": "1edcd4de-2226-6e2c-1573-d19609bfc984",
        "grossValue": 263205,
        "homeNotional": 0.00263205,
        "foreignNotional": 15
    },
    {
        "timestamp": "2019-05-03T12:03:30.014Z",
        "symbol": "XBTUSD",
        "side": "Buy",
        "size": 13,
        "price": 5699,
        "tickDirection": "ZeroPlusTick",
        "trdMatchID": "6b4884db-e817-0b94-64fc-5764d03d326b",
        "grossValue": 228111,
        "homeNotional": 0.00228111,
        "foreignNotional": 13
    },
    {
        "timestamp": "2019-05-03T12:03:30.014Z",
        "symbol": "XBTUSD",
        "side": "Buy",
        "size": 30,
        "price": 5699,
        "tickDirection": "ZeroPlusTick",
        "trdMatchID": "52761c50-9a76-f4d7-9f4c-4400438cb6d5",
        "grossValue": 526410,
        "homeNotional": 0.0052641,
        "foreignNotional": 30
    },
    {
        "timestamp": "2019-05-03T12:03:30.014Z",
        "symbol": "XBTUSD",
        "side": "Buy",
        "size": 333,
        "price": 5699,
        "tickDirection": "ZeroPlusTick",
        "trdMatchID": "fb3bcc07-f686-3a6b-5981-309fe1e62c87",
        "grossValue": 5843151,
        "homeNotional": 0.05843151,
        "foreignNotional": 333
    },
    {
        "timestamp": "2019-05-03T12:03:30.014Z",
        "symbol": "XBTUSD",
        "side": "Buy",
        "size": 100,
        "price": 5699,
        "tickDirection": "ZeroPlusTick",
        "trdMatchID": "d6cfd88a-49b6-d8be-e525-ea14a1a7a29f",
        "grossValue": 1754700,
        "homeNotional": 0.017547,
        "foreignNotional": 100
    },
    {
        "timestamp": "2019-05-03T12:03:30.014Z",
        "symbol": "XBTUSD",
        "side": "Buy",
        "size": 1000,
        "price": 5699,
        "tickDirection": "ZeroPlusTick",
        "trdMatchID": "b8723ea5-8a57-7a00-a236-412fab76eef1",
        "grossValue": 17547000,
        "homeNotional": 0.17547,
        "foreignNotional": 1000
    },
    {
        "timestamp": "2019-05-03T12:03:30.014Z",
        "symbol": "XBTUSD",
        "side": "Buy",
        "size": 1290,
        "price": 5699,
        "tickDirection": "ZeroPlusTick",
        "trdMatchID": "71e64535-e709-c631-7b81-43e8281b8e0f",
        "grossValue": 22635630,
        "homeNotional": 0.2263563,
        "foreignNotional": 1290
    },
    {
        "timestamp": "2019-05-03T12:03:30.014Z",
        "symbol": "XBTUSD",
        "side": "Buy",
        "size": 1290,
        "price": 5699,
        "tickDirection": "ZeroPlusTick",
        "trdMatchID": "109043c4-756c-4138-210a-5f111a4eb3af",
        "grossValue": 22635630,
        "homeNotional": 0.2263563,
        "foreignNotional": 1290
    },
    {
        "timestamp": "2019-05-03T12:03:30.014Z",
        "symbol": "XBTUSD",
        "side": "Buy",
        "size": 25000,
        "price": 5699,
        "tickDirection": "ZeroPlusTick",
        "trdMatchID": "e88637ca-f3ad-ab43-fdf2-3563d64ce9a6",
        "grossValue": 438675000,
        "homeNotional": 4.38675,
        "foreignNotional": 25000
    },
    {
        "timestamp": "2019-05-03T12:03:30.014Z",
        "symbol": "XBTUSD",
        "side": "Buy",
        "size": 20,
        "price": 5699,
        "tickDirection": "ZeroPlusTick",
        "trdMatchID": "9dc987bd-2a04-860a-8000-e01b2529d074",
        "grossValue": 350940,
        "homeNotional": 0.0035094,
        "foreignNotional": 20
    },
    {
        "timestamp": "2019-05-03T12:03:30.014Z",
        "symbol": "XBTUSD",
        "side": "Buy",
        "size": 15,
        "price": 5699,
        "tickDirection": "ZeroPlusTick",
        "trdMatchID": "b3f909f9-3c05-9576-554f-98ff000a3c98",
        "grossValue": 263205,
        "homeNotional": 0.00263205,
        "foreignNotional": 15
    },
    {
        "timestamp": "2019-05-03T12:03:30.014Z",
        "symbol": "XBTUSD",
        "side": "Buy",
        "size": 100,
        "price": 5699,
        "tickDirection": "ZeroPlusTick",
        "trdMatchID": "ca35cac0-df0d-ba08-765e-0ba1afcc6f42",
        "grossValue": 1754700,
        "homeNotional": 0.017547,
        "foreignNotional": 100
    },
    {
        "timestamp": "2019-05-03T12:03:30.014Z",
        "symbol": "XBTUSD",
        "side": "Buy",
        "size": 44,
        "price": 5699,
        "tickDirection": "ZeroPlusTick",
        "trdMatchID": "a1ea5f0a-8790-71d6-a154-328a02a07947",
        "grossValue": 772068,
        "homeNotional": 0.00772068,
        "foreignNotional": 44
    },
    {
        "timestamp": "2019-05-03T12:03:30.014Z",
        "symbol": "XBTUSD",
        "side": "Buy",
        "size": 1000,
        "price": 5699,
        "tickDirection": "ZeroPlusTick",
        "trdMatchID": "dea396ae-5215-d723-a242-ab057b245b97",
        "grossValue": 17547000,
        "homeNotional": 0.17547,
        "foreignNotional": 1000
    },
    {
        "timestamp": "2019-05-03T12:03:30.014Z",
        "symbol": "XBTUSD",
        "side": "Buy",
        "size": 500,
        "price": 5699,
        "tickDirection": "ZeroPlusTick",
        "trdMatchID": "bd1a8547-1513-ee7a-e8bb-f673bd2d3e35",
        "grossValue": 8773500,
        "homeNotional": 0.087735,
        "foreignNotional": 500
    },
    {
        "timestamp": "2019-05-03T12:03:30.014Z",
        "symbol": "XBTUSD",
        "side": "Buy",
        "size": 194,
        "price": 5699,
        "tickDirection": "ZeroPlusTick",
        "trdMatchID": "ac2cd8f7-500a-a045-4525-6f1a6586ce6e",
        "grossValue": 3404118,
        "homeNotional": 0.03404118,
        "foreignNotional": 194
    },
    {
        "timestamp": "2019-05-03T12:03:30.014Z",
        "symbol": "XBTUSD",
        "side": "Buy",
        "size": 6000,
        "price": 5699,
        "tickDirection": "ZeroPlusTick",
        "trdMatchID": "cca76761-a95c-c021-e658-b20e53c50c3a",
        "grossValue": 105282000,
        "homeNotional": 1.05282,
        "foreignNotional": 6000
    },
    {
        "timestamp": "2019-05-03T12:03:30.014Z",
        "symbol": "XBTUSD",
        "side": "Buy",
        "size": 8998,
        "price": 5699,
        "tickDirection": "ZeroPlusTick",
        "trdMatchID": "5a743697-522e-e485-9505-d07f4989d7b7",
        "grossValue": 157887906,
        "homeNotional": 1.57887906,
        "foreignNotional": 8998
    },
    {
        "timestamp": "2019-05-03T12:03:30.014Z",
        "symbol": "XBTUSD",
        "side": "Buy",
        "size": 20,
        "price": 5699,
        "tickDirection": "ZeroPlusTick",
        "trdMatchID": "58de489f-34b1-3c3c-51d5-76cefbff6030",
        "grossValue": 350940,
        "homeNotional": 0.0035094,
        "foreignNotional": 20
    },
    {
        "timestamp": "2019-05-03T12:03:30.014Z",
        "symbol": "XBTUSD",
        "side": "Buy",
        "size": 4023,
        "price": 5699,
        "tickDirection": "ZeroPlusTick",
        "trdMatchID": "06dbd74b-2e5c-7926-889e-6902d1d3c522",
        "grossValue": 70591581,
        "homeNotional": 0.70591581,
        "foreignNotional": 4023
    },
    {
        "timestamp": "2019-05-03T12:03:30.014Z",
        "symbol": "XBTUSD",
        "side": "Buy",
        "size": 162,
        "price": 5699,
        "tickDirection": "ZeroPlusTick",
        "trdMatchID": "da822914-4dba-6e68-006a-7dc02b532d7e",
        "grossValue": 2842614,
        "homeNotional": 0.02842614,
        "foreignNotional": 162
    },
    {
        "timestamp": "2019-05-03T12:03:30.014Z",
        "symbol": "XBTUSD",
        "side": "Buy",
        "size": 198,
        "price": 5699,
        "tickDirection": "ZeroPlusTick",
        "trdMatchID": "8ddc0a7d-e790-4730-c3ae-a803bc16241b",
        "grossValue": 3474306,
        "homeNotional": 0.03474306,
        "foreignNotional": 198
    },
    {
        "timestamp": "2019-05-03T12:03:30.014Z",
        "symbol": "XBTUSD",
        "side": "Buy",
        "size": 4822,
        "price": 5699,
        "tickDirection": "ZeroPlusTick",
        "trdMatchID": "c0b2d463-3e62-4341-78d8-cbac7b901334",
        "grossValue": 84611634,
        "homeNotional": 0.84611634,
        "foreignNotional": 4822
    },
    {
        "timestamp": "2019-05-03T12:03:30.014Z",
        "symbol": "XBTUSD",
        "side": "Buy",
        "size": 33472,
        "price": 5699,
        "tickDirection": "ZeroPlusTick",
        "trdMatchID": "e403446d-efb6-442e-c185-87778ec47810",
        "grossValue": 587333184,
        "homeNotional": 5.87333184,
        "foreignNotional": 33472
    },
    {
        "timestamp": "2019-05-03T12:03:30.014Z",
        "symbol": "XBTUSD",
        "side": "Buy",
        "size": 2000,
        "price": 5699,
        "tickDirection": "ZeroPlusTick",
        "trdMatchID": "1c65a584-bc76-f740-859e-22e02c089732",
        "grossValue": 35094000,
        "homeNotional": 0.35094,
        "foreignNotional": 2000
    },
    {
        "timestamp": "2019-05-03T12:03:30.014Z",
        "symbol": "XBTUSD",
        "side": "Buy",
        "size": 23,
        "price": 5699,
        "tickDirection": "ZeroPlusTick",
        "trdMatchID": "4ac15e2e-5ea5-1801-7696-000d4b769e55",
        "grossValue": 403581,
        "homeNotional": 0.00403581,
        "foreignNotional": 23
    },
    {
        "timestamp": "2019-05-03T12:03:30.014Z",
        "symbol": "XBTUSD",
        "side": "Buy",
        "size": 17,
        "price": 5699,
        "tickDirection": "ZeroPlusTick",
        "trdMatchID": "c3a22305-6d4f-a7fb-c4cc-642a10abf930",
        "grossValue": 298299,
        "homeNotional": 0.00298299,
        "foreignNotional": 17
    },
    {
        "timestamp": "2019-05-03T12:03:30.014Z",
        "symbol": "XBTUSD",
        "side": "Buy",
        "size": 50,
        "price": 5699.5,
        "tickDirection": "PlusTick",
        "trdMatchID": "3d0d0b3e-0c00-23be-634f-5acff3e02b17",
        "grossValue": 877250,
        "homeNotional": 0.0087725,
        "foreignNotional": 50
    },
    {
        "timestamp": "2019-05-03T12:03:30.014Z",
        "symbol": "XBTUSD",
        "side": "Buy",
        "size": 188,
        "price": 5699.5,
        "tickDirection": "ZeroPlusTick",
        "trdMatchID": "bdd39b25-d816-a5a9-a86d-e379c63acd0d",
        "grossValue": 3298460,
        "homeNotional": 0.0329846,
        "foreignNotional": 188
    },
    {
        "timestamp": "2019-05-03T12:03:30.014Z",
        "symbol": "XBTUSD",
        "side": "Buy",
        "size": 1000,
        "price": 5699.5,
        "tickDirection": "ZeroPlusTick",
        "trdMatchID": "fe9fd73d-8483-f854-315d-9a7c6fa918eb",
        "grossValue": 17545000,
        "homeNotional": 0.17545,
        "foreignNotional": 1000
    },
    {
        "timestamp": "2019-05-03T12:03:30.014Z",
        "symbol": "XBTUSD",
        "side": "Buy",
        "size": 100,
        "price": 5699.5,
        "tickDirection": "ZeroPlusTick",
        "trdMatchID": "48662133-09d5-270d-e724-d771b3ec9aa8",
        "grossValue": 1754500,
        "homeNotional": 0.017545,
        "foreignNotional": 100
    },
    {
        "timestamp": "2019-05-03T12:03:30.014Z",
        "symbol": "XBTUSD",
        "side": "Buy",
        "size": 759,
        "price": 5699.5,
        "tickDirection": "ZeroPlusTick",
        "trdMatchID": "12f46107-a272-e5f5-a961-16af4cdabbba",
        "grossValue": 13316655,
        "homeNotional": 0.13316655,
        "foreignNotional": 759
    },
    {
        "timestamp": "2019-05-03T12:03:30.014Z",
        "symbol": "XBTUSD",
        "side": "Buy",
        "size": 6169,
        "price": 5699.5,
        "tickDirection": "ZeroPlusTick",
        "trdMatchID": "921a7729-9575-255b-dc83-91490b7de3ef",
        "grossValue": 108235105,
        "homeNotional": 1.08235105,
        "foreignNotional": 6169
    },
    {
        "timestamp": "2019-05-03T12:03:30.014Z",
        "symbol": "XBTUSD",
        "side": "Buy",
        "size": 300,
        "price": 5699.5,
        "tickDirection": "ZeroPlusTick",
        "trdMatchID": "a7399a3d-88d0-7c6b-556a-9cf8d6b19df4",
        "grossValue": 5263500,
        "homeNotional": 0.052635,
        "foreignNotional": 300
    },
    {
        "timestamp": "2019-05-03T12:03:30.014Z",
        "symbol": "XBTUSD",
        "side": "Buy",
        "size": 3000,
        "price": 5699.5,
        "tickDirection": "ZeroPlusTick",
        "trdMatchID": "1434a230-18ef-6f9c-cd55-f6b4bb1f24f1",
        "grossValue": 52635000,
        "homeNotional": 0.52635,
        "foreignNotional": 3000
    },
    {
        "timestamp": "2019-05-03T12:03:30.014Z",
        "symbol": "XBTUSD",
        "side": "Buy",
        "size": 2000,
        "price": 5699.5,
        "tickDirection": "ZeroPlusTick",
        "trdMatchID": "0124d88d-078f-9f35-13a6-3bbe383f7254",
        "grossValue": 35090000,
        "homeNotional": 0.3509,
        "foreignNotional": 2000
    },
    {
        "timestamp": "2019-05-03T12:03:30.014Z",
        "symbol": "XBTUSD",
        "side": "Buy",
        "size": 1700,
        "price": 5699.5,
        "tickDirection": "ZeroPlusTick",
        "trdMatchID": "1d3f112e-6db8-9ca4-6581-f85d37409367",
        "grossValue": 29826500,
        "homeNotional": 0.298265,
        "foreignNotional": 1700
    },
    {
        "timestamp": "2019-05-03T12:03:30.014Z",
        "symbol": "XBTUSD",
        "side": "Buy",
        "size": 529,
        "price": 5699.5,
        "tickDirection": "ZeroPlusTick",
        "trdMatchID": "ba3e4d60-c387-020a-2ad0-257169aed23d",
        "grossValue": 9281305,
        "homeNotional": 0.09281305,
        "foreignNotional": 529
    },
    {
        "timestamp": "2019-05-03T12:03:30.014Z",
        "symbol": "XBTUSD",
        "side": "Buy",
        "size": 100000,
        "price": 5699.5,
        "tickDirection": "ZeroPlusTick",
        "trdMatchID": "fc6ff5ba-a716-5ca1-f2dc-3258d83d88a7",
        "grossValue": 1754500000,
        "homeNotional": 17.545,
        "foreignNotional": 100000
    },
    {
        "timestamp": "2019-05-03T12:03:30.014Z",
        "symbol": "XBTUSD",
        "side": "Buy",
        "size": 6000,
        "price": 5699.5,
        "tickDirection": "ZeroPlusTick",
        "trdMatchID": "2fa08868-acf9-49be-be39-e856f3437f90",
        "grossValue": 105270000,
        "homeNotional": 1.0527,
        "foreignNotional": 6000
    },
    {
        "timestamp": "2019-05-03T12:03:30.014Z",
        "symbol": "XBTUSD",
        "side": "Buy",
        "size": 18,
        "price": 5699.5,
        "tickDirection": "ZeroPlusTick",
        "trdMatchID": "ccbd1de5-692a-679a-f12a-7dc5f65c5ea7",
        "grossValue": 315810,
        "homeNotional": 0.0031581,
        "foreignNotional": 18
    },
    {
        "timestamp": "2019-05-03T12:03:30.014Z",
        "symbol": "XBTUSD",
        "side": "Buy",
        "size": 19,
        "price": 5699.5,
        "tickDirection": "ZeroPlusTick",
        "trdMatchID": "ab5cf5f4-f8d0-e6a6-f336-845e55d74a62",
        "grossValue": 333355,
        "homeNotional": 0.00333355,
        "foreignNotional": 19
    },
    {
        "timestamp": "2019-05-03T12:03:30.014Z",
        "symbol": "XBTUSD",
        "side": "Buy",
        "size": 189,
        "price": 5699.5,
        "tickDirection": "ZeroPlusTick",
        "trdMatchID": "a797ab25-5449-95da-e70b-5c8c54f609cd",
        "grossValue": 3316005,
        "homeNotional": 0.03316005,
        "foreignNotional": 189
    },
    {
        "timestamp": "2019-05-03T12:03:30.014Z",
        "symbol": "XBTUSD",
        "side": "Buy",
        "size": 44633,
        "price": 5699.5,
        "tickDirection": "ZeroPlusTick",
        "trdMatchID": "84f5de77-e714-b77d-9ff5-adc36d41dfd8",
        "grossValue": 783085985,
        "homeNotional": 7.83085985,
        "foreignNotional": 44633
    },
    {
        "timestamp": "2019-05-03T12:03:30.014Z",
        "symbol": "XBTUSD",
        "side": "Buy",
        "size": 44633,
        "price": 5699.5,
        "tickDirection": "ZeroPlusTick",
        "trdMatchID": "8683d8d1-d8cf-ee0b-9f27-fe3ac614e918",
        "grossValue": 783085985,
        "homeNotional": 7.83085985,
        "foreignNotional": 44633
    },
    {
        "timestamp": "2019-05-03T12:03:30.014Z",
        "symbol": "XBTUSD",
        "side": "Buy",
        "size": 198,
        "price": 5699.5,
        "tickDirection": "ZeroPlusTick",
        "trdMatchID": "c2acd868-540e-a58e-b3a1-d18cdf7d30a2",
        "grossValue": 3473910,
        "homeNotional": 0.0347391,
        "foreignNotional": 198
    },
    {
        "timestamp": "2019-05-03T12:03:30.014Z",
        "symbol": "XBTUSD",
        "side": "Buy",
        "size": 24,
        "price": 5699.5,
        "tickDirection": "ZeroPlusTick",
        "trdMatchID": "197c1fd5-62c0-3435-b50c-8d8a67abd841",
        "grossValue": 421080,
        "homeNotional": 0.0042108,
        "foreignNotional": 24
    },
    {
        "timestamp": "2019-05-03T12:03:30.014Z",
        "symbol": "XBTUSD",
        "side": "Buy",
        "size": 17,
        "price": 5699.5,
        "tickDirection": "ZeroPlusTick",
        "trdMatchID": "adbdc0cf-23c3-e45a-08c1-b5fc18b882a9",
        "grossValue": 298265,
        "homeNotional": 0.00298265,
        "foreignNotional": 17
    },
    {
        "timestamp": "2019-05-03T12:03:30.014Z",
        "symbol": "XBTUSD",
        "side": "Buy",
        "size": 500,
        "price": 5700,
        "tickDirection": "PlusTick",
        "trdMatchID": "844cdf34-d033-167f-0426-d99d7b07b115",
        "grossValue": 8772000,
        "homeNotional": 0.08772,
        "foreignNotional": 500
    },
    {
        "timestamp": "2019-05-03T12:03:30.014Z",
        "symbol": "XBTUSD",
        "side": "Buy",
        "size": 500,
        "price": 5700,
        "tickDirection": "ZeroPlusTick",
        "trdMatchID": "e102a4ce-5e6e-800d-2a32-11fe704796cc",
        "grossValue": 8772000,
        "homeNotional": 0.08772,
        "foreignNotional": 500
    },
    {
        "timestamp": "2019-05-03T12:03:30.014Z",
        "symbol": "XBTUSD",
        "side": "Buy",
        "size": 5000,
        "price": 5700,
        "tickDirection": "ZeroPlusTick",
        "trdMatchID": "c700d7d8-cfbb-9753-e64a-41b3757fd044",
        "grossValue": 87720000,
        "homeNotional": 0.8772,
        "foreignNotional": 5000
    },
    {
        "timestamp": "2019-05-03T12:03:30.014Z",
        "symbol": "XBTUSD",
        "side": "Buy",
        "size": 15500,
        "price": 5700,
        "tickDirection": "ZeroPlusTick",
        "trdMatchID": "22e76e9e-a1a9-ef01-cb47-66940720ed3e",
        "grossValue": 271932000,
        "homeNotional": 2.71932,
        "foreignNotional": 15500
    },
    {
        "timestamp": "2019-05-03T12:03:30.014Z",
        "symbol": "XBTUSD",
        "side": "Buy",
        "size": 2500,
        "price": 5700,
        "tickDirection": "ZeroPlusTick",
        "trdMatchID": "e8ffeb72-4b71-e275-b92f-85baee9e0c93",
        "grossValue": 43860000,
        "homeNotional": 0.4386,
        "foreignNotional": 2500
    },
    {
        "timestamp": "2019-05-03T12:03:30.014Z",
        "symbol": "XBTUSD",
        "side": "Buy",
        "size": 200,
        "price": 5700,
        "tickDirection": "ZeroPlusTick",
        "trdMatchID": "7bcb2379-1664-4eb2-c382-53466d4aa0ec",
        "grossValue": 3508800,
        "homeNotional": 0.035088,
        "foreignNotional": 200
    },
    {
        "timestamp": "2019-05-03T12:03:30.014Z",
        "symbol": "XBTUSD",
        "side": "Buy",
        "size": 660,
        "price": 5700,
        "tickDirection": "ZeroPlusTick",
        "trdMatchID": "fa334b35-91ae-3e91-9641-7e90d2b29c75",
        "grossValue": 11579040,
        "homeNotional": 0.1157904,
        "foreignNotional": 660
    },
    {
        "timestamp": "2019-05-03T12:03:30.014Z",
        "symbol": "XBTUSD",
        "side": "Buy",
        "size": 100,
        "price": 5700,
        "tickDirection": "ZeroPlusTick",
        "trdMatchID": "a35f7e4e-0da6-0654-548c-bd02dbffeb9e",
        "grossValue": 1754400,
        "homeNotional": 0.017544,
        "foreignNotional": 100
    },
    {
        "timestamp": "2019-05-03T12:03:30.014Z",
        "symbol": "XBTUSD",
        "side": "Buy",
        "size": 100,
        "price": 5700,
        "tickDirection": "ZeroPlusTick",
        "trdMatchID": "fafcee5f-65b0-4392-0b03-98e3e325d92b",
        "grossValue": 1754400,
        "homeNotional": 0.017544,
        "foreignNotional": 100
    },
    {
        "timestamp": "2019-05-03T12:03:30.014Z",
        "symbol": "XBTUSD",
        "side": "Buy",
        "size": 100,
        "price": 5700,
        "tickDirection": "ZeroPlusTick",
        "trdMatchID": "c6e9648c-473c-c0ed-6580-f1d21ecef69a",
        "grossValue": 1754400,
        "homeNotional": 0.017544,
        "foreignNotional": 100
    },
    {
        "timestamp": "2019-05-03T12:03:30.014Z",
        "symbol": "XBTUSD",
        "side": "Buy",
        "size": 150,
        "price": 5700,
        "tickDirection": "ZeroPlusTick",
        "trdMatchID": "a3c0e465-8cfd-ee61-a8b8-184423ea16a5",
        "grossValue": 2631600,
        "homeNotional": 0.026316,
        "foreignNotional": 150
    },
    {
        "timestamp": "2019-05-03T12:03:30.014Z",
        "symbol": "XBTUSD",
        "side": "Buy",
        "size": 200,
        "price": 5700,
        "tickDirection": "ZeroPlusTick",
        "trdMatchID": "a7ef6f3c-7ece-a796-323d-96dc5704812e",
        "grossValue": 3508800,
        "homeNotional": 0.035088,
        "foreignNotional": 200
    },
    {
        "timestamp": "2019-05-03T12:03:30.014Z",
        "symbol": "XBTUSD",
        "side": "Buy",
        "size": 35,
        "price": 5700,
        "tickDirection": "ZeroPlusTick",
        "trdMatchID": "ff35581f-e19a-5475-24fb-2271c97d21c9",
        "grossValue": 614040,
        "homeNotional": 0.0061404,
        "foreignNotional": 35
    },
    {
        "timestamp": "2019-05-03T12:03:30.014Z",
        "symbol": "XBTUSD",
        "side": "Buy",
        "size": 40,
        "price": 5700,
        "tickDirection": "ZeroPlusTick",
        "trdMatchID": "ca895a4e-ac6d-5f34-9873-2a179fcdc53d",
        "grossValue": 701760,
        "homeNotional": 0.0070176,
        "foreignNotional": 40
    },
    {
        "timestamp": "2019-05-03T12:03:30.014Z",
        "symbol": "XBTUSD",
        "side": "Buy",
        "size": 50,
        "price": 5700,
        "tickDirection": "ZeroPlusTick",
        "trdMatchID": "6fdbde32-2925-e6df-150f-0752c57e2c13",
        "grossValue": 877200,
        "homeNotional": 0.008772,
        "foreignNotional": 50
    },
    {
        "timestamp": "2019-05-03T12:03:30.014Z",
        "symbol": "XBTUSD",
        "side": "Buy",
        "size": 1000,
        "price": 5700,
        "tickDirection": "ZeroPlusTick",
        "trdMatchID": "b47f52cb-1143-728f-63be-73685ba316d8",
        "grossValue": 17544000,
        "homeNotional": 0.17544,
        "foreignNotional": 1000
    },
    {
        "timestamp": "2019-05-03T12:03:30.014Z",
        "symbol": "XBTUSD",
        "side": "Buy",
        "size": 1500,
        "price": 5700,
        "tickDirection": "ZeroPlusTick",
        "trdMatchID": "ba22f13b-fee2-be9f-e96c-be8628fd0a7e",
        "grossValue": 26316000,
        "homeNotional": 0.26316,
        "foreignNotional": 1500
    },
    {
        "timestamp": "2019-05-03T12:03:30.014Z",
        "symbol": "XBTUSD",
        "side": "Buy",
        "size": 8000,
        "price": 5700,
        "tickDirection": "ZeroPlusTick",
        "trdMatchID": "692a1c9e-583c-95e0-26f7-4d4672b045a4",
        "grossValue": 140352000,
        "homeNotional": 1.40352,
        "foreignNotional": 8000
    },
    {
        "timestamp": "2019-05-03T12:03:30.014Z",
        "symbol": "XBTUSD",
        "side": "Buy",
        "size": 10000,
        "price": 5700,
        "tickDirection": "ZeroPlusTick",
        "trdMatchID": "8193f557-c68e-2740-63ea-9d712678950d",
        "grossValue": 175440000,
        "homeNotional": 1.7544,
        "foreignNotional": 10000
    },
    {
        "timestamp": "2019-05-03T12:03:30.014Z",
        "symbol": "XBTUSD",
        "side": "Buy",
        "size": 5,
        "price": 5700,
        "tickDirection": "ZeroPlusTick",
        "trdMatchID": "403034a2-00b5-fdce-409d-4491b6d5a749",
        "grossValue": 87720,
        "homeNotional": 0.0008772,
        "foreignNotional": 5
    },
    {
        "timestamp": "2019-05-03T12:03:30.014Z",
        "symbol": "XBTUSD",
        "side": "Buy",
        "size": 50,
        "price": 5700,
        "tickDirection": "ZeroPlusTick",
        "trdMatchID": "10b87177-b21f-e5b6-2ec6-4d17148bc145",
        "grossValue": 877200,
        "homeNotional": 0.008772,
        "foreignNotional": 50
    },
    {
        "timestamp": "2019-05-03T12:03:30.014Z",
        "symbol": "XBTUSD",
        "side": "Buy",
        "size": 550000,
        "price": 5700,
        "tickDirection": "ZeroPlusTick",
        "trdMatchID": "ae244e39-9330-5788-036a-02fc4700bac9",
        "grossValue": 9649200000,
        "homeNotional": 96.492,
        "foreignNotional": 550000
    },
    {
        "timestamp": "2019-05-03T12:03:30.014Z",
        "symbol": "XBTUSD",
        "side": "Buy",
        "size": 10000,
        "price": 5700,
        "tickDirection": "ZeroPlusTick",
        "trdMatchID": "4e9d72eb-737c-8d23-2481-a6696e5524c9",
        "grossValue": 175440000,
        "homeNotional": 1.7544,
        "foreignNotional": 10000
    },
    {
        "timestamp": "2019-05-03T12:03:30.014Z",
        "symbol": "XBTUSD",
        "side": "Buy",
        "size": 75,
        "price": 5700,
        "tickDirection": "ZeroPlusTick",
        "trdMatchID": "d8e95cfb-f63a-324a-1af1-4d1c51847015",
        "grossValue": 1315800,
        "homeNotional": 0.013158,
        "foreignNotional": 75
    },
    {
        "timestamp": "2019-05-03T12:03:30.014Z",
        "symbol": "XBTUSD",
        "side": "Buy",
        "size": 100,
        "price": 5700,
        "tickDirection": "ZeroPlusTick",
        "trdMatchID": "88c1e7da-d7ce-d6c4-57a2-4197ffbdb208",
        "grossValue": 1754400,
        "homeNotional": 0.017544,
        "foreignNotional": 100
    },
    {
        "timestamp": "2019-05-03T12:03:30.014Z",
        "symbol": "XBTUSD",
        "side": "Buy",
        "size": 50000,
        "price": 5700,
        "tickDirection": "ZeroPlusTick",
        "trdMatchID": "46465506-0f4e-c56d-fd91-5fd980e2e2d5",
        "grossValue": 877200000,
        "homeNotional": 8.772,
        "foreignNotional": 50000
    },
    {
        "timestamp": "2019-05-03T12:03:30.014Z",
        "symbol": "XBTUSD",
        "side": "Buy",
        "size": 1000,
        "price": 5700,
        "tickDirection": "ZeroPlusTick",
        "trdMatchID": "18f05054-b5d5-770d-8188-5fa502298f4b",
        "grossValue": 17544000,
        "homeNotional": 0.17544,
        "foreignNotional": 1000
    },
    {
        "timestamp": "2019-05-03T12:03:30.014Z",
        "symbol": "XBTUSD",
        "side": "Buy",
        "size": 200,
        "price": 5700,
        "tickDirection": "ZeroPlusTick",
        "trdMatchID": "1e82f0ca-a3e8-0f67-ac68-a127a5fd2c0b",
        "grossValue": 3508800,
        "homeNotional": 0.035088,
        "foreignNotional": 200
    },
    {
        "timestamp": "2019-05-03T12:03:30.014Z",
        "symbol": "XBTUSD",
        "side": "Buy",
        "size": 100,
        "price": 5700,
        "tickDirection": "ZeroPlusTick",
        "trdMatchID": "4f7e676b-5a58-8c03-d15a-0271949fd27b",
        "grossValue": 1754400,
        "homeNotional": 0.017544,
        "foreignNotional": 100
    },
    {
        "timestamp": "2019-05-03T12:03:30.014Z",
        "symbol": "XBTUSD",
        "side": "Buy",
        "size": 40000,
        "price": 5700,
        "tickDirection": "ZeroPlusTick",
        "trdMatchID": "316fe128-2451-229a-ca51-016f69e15b6e",
        "grossValue": 701760000,
        "homeNotional": 7.0176,
        "foreignNotional": 40000
    },
    {
        "timestamp": "2019-05-03T12:03:30.014Z",
        "symbol": "XBTUSD",
        "side": "Buy",
        "size": 477,
        "price": 5700,
        "tickDirection": "ZeroPlusTick",
        "trdMatchID": "463df1b1-c987-19ca-a475-a1588bc00a5c",
        "grossValue": 8368488,
        "homeNotional": 0.08368488,
        "foreignNotional": 477
    },
    {
        "timestamp": "2019-05-03T12:03:30.014Z",
        "symbol": "XBTUSD",
        "side": "Buy",
        "size": 477,
        "price": 5700,
        "tickDirection": "ZeroPlusTick",
        "trdMatchID": "bf4d1992-92ba-2c30-fa4e-76d45e3d929f",
        "grossValue": 8368488,
        "homeNotional": 0.08368488,
        "foreignNotional": 477
    },
    {
        "timestamp": "2019-05-03T12:03:30.014Z",
        "symbol": "XBTUSD",
        "side": "Buy",
        "size": 1000,
        "price": 5700,
        "tickDirection": "ZeroPlusTick",
        "trdMatchID": "11f7bb0a-2aec-b7f0-fb8c-1cb14df145ec",
        "grossValue": 17544000,
        "homeNotional": 0.17544,
        "foreignNotional": 1000
    },
    {
        "timestamp": "2019-05-03T12:03:30.014Z",
        "symbol": "XBTUSD",
        "side": "Buy",
        "size": 5002,
        "price": 5700,
        "tickDirection": "ZeroPlusTick",
        "trdMatchID": "c89c351c-c6f0-05e7-ef8c-f6a0d1a637e7",
        "grossValue": 87755088,
        "homeNotional": 0.87755088,
        "foreignNotional": 5002
    },
    {
        "timestamp": "2019-05-03T12:03:30.014Z",
        "symbol": "XBTUSD",
        "side": "Buy",
        "size": 10,
        "price": 5700,
        "tickDirection": "ZeroPlusTick",
        "trdMatchID": "056e5b20-61ed-c1f7-87d2-694062f5d306",
        "grossValue": 175440,
        "homeNotional": 0.0017544,
        "foreignNotional": 10
    },
    {
        "timestamp": "2019-05-03T12:03:30.014Z",
        "symbol": "XBTUSD",
        "side": "Buy",
        "size": 20000,
        "price": 5700,
        "tickDirection": "ZeroPlusTick",
        "trdMatchID": "72b4e1a0-05d3-2290-1f81-b298a50d5012",
        "grossValue": 350880000,
        "homeNotional": 3.5088,
        "foreignNotional": 20000
    },
    {
        "timestamp": "2019-05-03T12:03:30.014Z",
        "symbol": "XBTUSD",
        "side": "Buy",
        "size": 3000,
        "price": 5700,
        "tickDirection": "ZeroPlusTick",
        "trdMatchID": "0785f3d8-ef7f-ffb5-3979-f88ff39a62f3",
        "grossValue": 52632000,
        "homeNotional": 0.52632,
        "foreignNotional": 3000
    },
    {
        "timestamp": "2019-05-03T12:03:30.014Z",
        "symbol": "XBTUSD",
        "side": "Buy",
        "size": 2000,
        "price": 5700,
        "tickDirection": "ZeroPlusTick",
        "trdMatchID": "3bff6844-fe0e-f317-7a69-42a93e569499",
        "grossValue": 35088000,
        "homeNotional": 0.35088,
        "foreignNotional": 2000
    },
    {
        "timestamp": "2019-05-03T12:03:30.014Z",
        "symbol": "XBTUSD",
        "side": "Buy",
        "size": 500,
        "price": 5700,
        "tickDirection": "ZeroPlusTick",
        "trdMatchID": "58042e9d-3083-80ae-3120-2aeb5899a976",
        "grossValue": 8772000,
        "homeNotional": 0.08772,
        "foreignNotional": 500
    },
    {
        "timestamp": "2019-05-03T12:03:30.014Z",
        "symbol": "XBTUSD",
        "side": "Buy",
        "size": 100,
        "price": 5700,
        "tickDirection": "ZeroPlusTick",
        "trdMatchID": "5704f93f-4e4f-1190-911d-0fcb18f96b0a",
        "grossValue": 1754400,
        "homeNotional": 0.017544,
        "foreignNotional": 100
    },
    {
        "timestamp": "2019-05-03T12:03:30.014Z",
        "symbol": "XBTUSD",
        "side": "Buy",
        "size": 10000,
        "price": 5700,
        "tickDirection": "ZeroPlusTick",
        "trdMatchID": "9e6f6fe8-ca59-67cb-c869-5ce029d77938",
        "grossValue": 175440000,
        "homeNotional": 1.7544,
        "foreignNotional": 10000
    },
    {
        "timestamp": "2019-05-03T12:03:30.014Z",
        "symbol": "XBTUSD",
        "side": "Buy",
        "size": 100000,
        "price": 5700,
        "tickDirection": "ZeroPlusTick",
        "trdMatchID": "dd8f31b8-289e-f43b-0384-fb3e603ec526",
        "grossValue": 1754400000,
        "homeNotional": 17.544,
        "foreignNotional": 100000
    },
    {
        "timestamp": "2019-05-03T12:03:30.014Z",
        "symbol": "XBTUSD",
        "side": "Buy",
        "size": 100000,
        "price": 5700,
        "tickDirection": "ZeroPlusTick",
        "trdMatchID": "42e254da-c1d1-52e2-7490-ca6edc158590",
        "grossValue": 1754400000,
        "homeNotional": 17.544,
        "foreignNotional": 100000
    },
    {
        "timestamp": "2019-05-03T12:03:30.014Z",
        "symbol": "XBTUSD",
        "side": "Buy",
        "size": 1999,
        "price": 5700,
        "tickDirection": "ZeroPlusTick",
        "trdMatchID": "6d240c55-1136-72f3-5195-bb2929de07d7",
        "grossValue": 35070456,
        "homeNotional": 0.35070456,
        "foreignNotional": 1999
    },
    {
        "timestamp": "2019-05-03T12:03:30.014Z",
        "symbol": "XBTUSD",
        "side": "Buy",
        "size": 500,
        "price": 5700,
        "tickDirection": "ZeroPlusTick",
        "trdMatchID": "d2cb6939-a45a-5d15-3b63-8833553dd5ae",
        "grossValue": 8772000,
        "homeNotional": 0.08772,
        "foreignNotional": 500
    },
    {
        "timestamp": "2019-05-03T12:03:30.014Z",
        "symbol": "XBTUSD",
        "side": "Buy",
        "size": 500,
        "price": 5700,
        "tickDirection": "ZeroPlusTick",
        "trdMatchID": "d1836ea2-2868-bde1-b4a0-2542db8c8470",
        "grossValue": 8772000,
        "homeNotional": 0.08772,
        "foreignNotional": 500
    },
    {
        "timestamp": "2019-05-03T12:03:30.014Z",
        "symbol": "XBTUSD",
        "side": "Buy",
        "size": 500,
        "price": 5700,
        "tickDirection": "ZeroPlusTick",
        "trdMatchID": "9312748b-a026-0cb2-1ad7-9615bb5ef69e",
        "grossValue": 8772000,
        "homeNotional": 0.08772,
        "foreignNotional": 500
    },
    {
        "timestamp": "2019-05-03T12:03:30.014Z",
        "symbol": "XBTUSD",
        "side": "Buy",
        "size": 198,
        "price": 5700,
        "tickDirection": "ZeroPlusTick",
        "trdMatchID": "84f7139f-448b-7648-3b61-2272b0aad218",
        "grossValue": 3473712,
        "homeNotional": 0.03473712,
        "foreignNotional": 198
    },
    {
        "timestamp": "2019-05-03T12:03:30.014Z",
        "symbol": "XBTUSD",
        "side": "Buy",
        "size": 216,
        "price": 5700,
        "tickDirection": "ZeroPlusTick",
        "trdMatchID": "b491848e-21ef-24c2-54e8-2831edd3ec16",
        "grossValue": 3789504,
        "homeNotional": 0.03789504,
        "foreignNotional": 216
    },
    {
        "timestamp": "2019-05-03T12:03:30.014Z",
        "symbol": "XBTUSD",
        "side": "Buy",
        "size": 802,
        "price": 5700,
        "tickDirection": "ZeroPlusTick",
        "trdMatchID": "df478742-e5a9-4d46-4dc9-1c4bb92424b6",
        "grossValue": 14070288,
        "homeNotional": 0.14070288,
        "foreignNotional": 802
    },
    {
        "timestamp": "2019-05-03T12:03:30.014Z",
        "symbol": "XBTUSD",
        "side": "Buy",
        "size": 802,
        "price": 5700,
        "tickDirection": "ZeroPlusTick",
        "trdMatchID": "1a47221f-365e-b14b-6748-29ad10e48340",
        "grossValue": 14070288,
        "homeNotional": 0.14070288,
        "foreignNotional": 802
    },
    {
        "timestamp": "2019-05-03T12:03:30.014Z",
        "symbol": "XBTUSD",
        "side": "Buy",
        "size": 11633,
        "price": 5700,
        "tickDirection": "ZeroPlusTick",
        "trdMatchID": "e2b86987-43d1-75be-b7e9-5f3aa94c67cc",
        "grossValue": 204089352,
        "homeNotional": 2.04089352,
        "foreignNotional": 11633
    },
    {
        "timestamp": "2019-05-03T12:03:30.014Z",
        "symbol": "XBTUSD",
        "side": "Buy",
        "size": 100,
        "price": 5700,
        "tickDirection": "ZeroPlusTick",
        "trdMatchID": "016b2ce7-5ecb-5904-c35e-e95acb26055c",
        "grossValue": 1754400,
        "homeNotional": 0.017544,
        "foreignNotional": 100
    },
    {
        "timestamp": "2019-05-03T12:03:30.014Z",
        "symbol": "XBTUSD",
        "side": "Buy",
        "size": 25,
        "price": 5700,
        "tickDirection": "ZeroPlusTick",
        "trdMatchID": "77bb55c1-d729-c54f-ad10-dcf48e8f3b5b",
        "grossValue": 438600,
        "homeNotional": 0.004386,
        "foreignNotional": 25
    },
    {
        "timestamp": "2019-05-03T12:03:30.014Z",
        "symbol": "XBTUSD",
        "side": "Buy",
        "size": 5000,
        "price": 5700,
        "tickDirection": "ZeroPlusTick",
        "trdMatchID": "f4b45325-ad6b-8232-c325-60ec833cdd0f",
        "grossValue": 87720000,
        "homeNotional": 0.8772,
        "foreignNotional": 5000
    },
    {
        "timestamp": "2019-05-03T12:03:30.014Z",
        "symbol": "XBTUSD",
        "side": "Buy",
        "size": 400,
        "price": 5700,
        "tickDirection": "ZeroPlusTick",
        "trdMatchID": "4fc5fc56-4e53-4f76-9192-7827318af5f2",
        "grossValue": 7017600,
        "homeNotional": 0.070176,
        "foreignNotional": 400
    },
    {
        "timestamp": "2019-05-03T12:03:30.014Z",
        "symbol": "XBTUSD",
        "side": "Buy",
        "size": 1000,
        "price": 5700,
        "tickDirection": "ZeroPlusTick",
        "trdMatchID": "91bdc08c-4409-cd43-51b1-7b6edb91b2a6",
        "grossValue": 17544000,
        "homeNotional": 0.17544,
        "foreignNotional": 1000
    },
    {
        "timestamp": "2019-05-03T12:03:30.014Z",
        "symbol": "XBTUSD",
        "side": "Buy",
        "size": 710,
        "price": 5700,
        "tickDirection": "ZeroPlusTick",
        "trdMatchID": "23a754bd-fff4-7c45-9777-a9aa7aec8336",
        "grossValue": 12456240,
        "homeNotional": 0.1245624,
        "foreignNotional": 710
    },
    {
        "timestamp": "2019-05-03T12:03:30.014Z",
        "symbol": "XBTUSD",
        "side": "Buy",
        "size": 710,
        "price": 5700,
        "tickDirection": "ZeroPlusTick",
        "trdMatchID": "f862006c-73fe-c06a-1e11-ac0543d3c44f",
        "grossValue": 12456240,
        "homeNotional": 0.1245624,
        "foreignNotional": 710
    },
    {
        "timestamp": "2019-05-03T12:03:30.014Z",
        "symbol": "XBTUSD",
        "side": "Buy",
        "size": 17,
        "price": 5700,
        "tickDirection": "ZeroPlusTick",
        "trdMatchID": "a35b97fa-f66e-ede4-0b0a-90c2ea43334e",
        "grossValue": 298248,
        "homeNotional": 0.00298248,
        "foreignNotional": 17
    },
    {
        "timestamp": "2019-05-03T12:03:30.014Z",
        "symbol": "XBTUSD",
        "side": "Buy",
        "size": 432,
        "price": 5700,
        "tickDirection": "ZeroPlusTick",
        "trdMatchID": "e237ac30-4755-a9e2-891f-c5223c68a992",
        "grossValue": 7579008,
        "homeNotional": 0.07579008,
        "foreignNotional": 432
    },
    {
        "timestamp": "2019-05-03T12:03:30.014Z",
        "symbol": "XBTUSD",
        "side": "Buy",
        "size": 432,
        "price": 5700,
        "tickDirection": "ZeroPlusTick",
        "trdMatchID": "6903ee4a-71e3-59ee-3ffa-c5fc27ac4003",
        "grossValue": 7579008,
        "homeNotional": 0.07579008,
        "foreignNotional": 432
    },
    {
        "timestamp": "2019-05-03T12:03:30.273Z",
        "symbol": "XBTUSD",
        "side": "Buy",
        "size": 120,
        "price": 5700.5,
        "tickDirection": "PlusTick",
        "trdMatchID": "a8dbbbd3-42a0-6450-f45c-74b044f0edcc",
        "grossValue": 2105040,
        "homeNotional": 0.0210504,
        "foreignNotional": 120
    },
    {
        "timestamp": "2019-05-03T12:03:31.742Z",
        "symbol": "XBTUSD",
        "side": "Buy",
        "size": 30,
        "price": 5700.5,
        "tickDirection": "ZeroPlusTick",
        "trdMatchID": "24e04bfc-f4e8-beda-cfc1-3f26ab6a3c9b",
        "grossValue": 526260,
        "homeNotional": 0.0052626,
        "foreignNotional": 30
    },
    {
        "timestamp": "2019-05-03T12:03:31.742Z",
        "symbol": "XBTUSD",
        "side": "Buy",
        "size": 200,
        "price": 5700.5,
        "tickDirection": "ZeroPlusTick",
        "trdMatchID": "ab4c2f81-bcd4-d8c3-cef7-771ccdfe490b",
        "grossValue": 3508400,
        "homeNotional": 0.035084,
        "foreignNotional": 200
    },
    {
        "timestamp": "2019-05-03T12:03:31.742Z",
        "symbol": "XBTUSD",
        "side": "Buy",
        "size": 2000,
        "price": 5700.5,
        "tickDirection": "ZeroPlusTick",
        "trdMatchID": "1ff200c1-ab69-5d2f-f009-042a06d85c96",
        "grossValue": 35084000,
        "homeNotional": 0.35084,
        "foreignNotional": 2000
    },
    {
        "timestamp": "2019-05-03T12:03:31.742Z",
        "symbol": "XBTUSD",
        "side": "Buy",
        "size": 113,
        "price": 5700.5,
        "tickDirection": "ZeroPlusTick",
        "trdMatchID": "9a286f83-7507-58ad-b75d-3ce33c556455",
        "grossValue": 1982246,
        "homeNotional": 0.01982246,
        "foreignNotional": 113
    },
    {
        "timestamp": "2019-05-03T12:03:31.742Z",
        "symbol": "XBTUSD",
        "side": "Buy",
        "size": 1000,
        "price": 5700.5,
        "tickDirection": "ZeroPlusTick",
        "trdMatchID": "7d2433c6-79ac-162b-d505-d47bef3f4222",
        "grossValue": 17542000,
        "homeNotional": 0.17542,
        "foreignNotional": 1000
    },
    {
        "timestamp": "2019-05-03T12:03:31.742Z",
        "symbol": "XBTUSD",
        "side": "Buy",
        "size": 50,
        "price": 5700.5,
        "tickDirection": "ZeroPlusTick",
        "trdMatchID": "4a56ec72-af44-1ff6-6368-8aa3cdc3703e",
        "grossValue": 877100,
        "homeNotional": 0.008771,
        "foreignNotional": 50
    },
    {
        "timestamp": "2019-05-03T12:03:31.742Z",
        "symbol": "XBTUSD",
        "side": "Buy",
        "size": 2,
        "price": 5700.5,
        "tickDirection": "ZeroPlusTick",
        "trdMatchID": "bb5a31f8-37b2-517f-1bd4-3a5462db9c73",
        "grossValue": 35084,
        "homeNotional": 0.00035084,
        "foreignNotional": 2
    },
    {
        "timestamp": "2019-05-03T12:03:31.742Z",
        "symbol": "XBTUSD",
        "side": "Buy",
        "size": 1001,
        "price": 5700.5,
        "tickDirection": "ZeroPlusTick",
        "trdMatchID": "e1947f5a-9148-4ecf-347c-0a1a2e1c0bc3",
        "grossValue": 17559542,
        "homeNotional": 0.17559542,
        "foreignNotional": 1001
    },
    {
        "timestamp": "2019-05-03T12:03:31.742Z",
        "symbol": "XBTUSD",
        "side": "Buy",
        "size": 418,
        "price": 5700.5,
        "tickDirection": "ZeroPlusTick",
        "trdMatchID": "7d84333e-cd9c-f1a0-7332-efb50161d069",
        "grossValue": 7332556,
        "homeNotional": 0.07332556,
        "foreignNotional": 418
    },
    {
        "timestamp": "2019-05-03T12:03:31.742Z",
        "symbol": "XBTUSD",
        "side": "Buy",
        "size": 50,
        "price": 5700.5,
        "tickDirection": "ZeroPlusTick",
        "trdMatchID": "2ba4f1cc-142a-89da-57cb-cc25be60f3bb",
        "grossValue": 877100,
        "homeNotional": 0.008771,
        "foreignNotional": 50
    },
    {
        "timestamp": "2019-05-03T12:03:31.742Z",
        "symbol": "XBTUSD",
        "side": "Buy",
        "size": 500,
        "price": 5700.5,
        "tickDirection": "ZeroPlusTick",
        "trdMatchID": "3967fddb-62f2-caf4-f9a6-f2826286585f",
        "grossValue": 8771000,
        "homeNotional": 0.08771,
        "foreignNotional": 500
    },
    {
        "timestamp": "2019-05-03T12:03:31.742Z",
        "symbol": "XBTUSD",
        "side": "Buy",
        "size": 21,
        "price": 5700.5,
        "tickDirection": "ZeroPlusTick",
        "trdMatchID": "7cf8f6e4-a8b3-ae7e-bf58-865608276c24",
        "grossValue": 368382,
        "homeNotional": 0.00368382,
        "foreignNotional": 21
    },
    {
        "timestamp": "2019-05-03T12:03:31.742Z",
        "symbol": "XBTUSD",
        "side": "Buy",
        "size": 500,
        "price": 5700.5,
        "tickDirection": "ZeroPlusTick",
        "trdMatchID": "e07a1be1-b8b0-9e98-3fab-c9f739ee8807",
        "grossValue": 8771000,
        "homeNotional": 0.08771,
        "foreignNotional": 500
    },
    {
        "timestamp": "2019-05-03T12:03:31.742Z",
        "symbol": "XBTUSD",
        "side": "Buy",
        "size": 2000,
        "price": 5700.5,
        "tickDirection": "ZeroPlusTick",
        "trdMatchID": "d8368f22-ee74-e7a0-70ad-3d021df3c995",
        "grossValue": 35084000,
        "homeNotional": 0.35084,
        "foreignNotional": 2000
    },
    {
        "timestamp": "2019-05-03T12:03:31.742Z",
        "symbol": "XBTUSD",
        "side": "Buy",
        "size": 500,
        "price": 5700.5,
        "tickDirection": "ZeroPlusTick",
        "trdMatchID": "b216b480-6606-525e-1cea-3c1881d2d1e5",
        "grossValue": 8771000,
        "homeNotional": 0.08771,
        "foreignNotional": 500
    },
    {
        "timestamp": "2019-05-03T12:03:31.742Z",
        "symbol": "XBTUSD",
        "side": "Buy",
        "size": 100,
        "price": 5700.5,
        "tickDirection": "ZeroPlusTick",
        "trdMatchID": "9c4e64e0-9172-a7ca-e788-138da7111cff",
        "grossValue": 1754200,
        "homeNotional": 0.017542,
        "foreignNotional": 100
    },
    {
        "timestamp": "2019-05-03T12:03:31.742Z",
        "symbol": "XBTUSD",
        "side": "Buy",
        "size": 1999,
        "price": 5700.5,
        "tickDirection": "ZeroPlusTick",
        "trdMatchID": "ca5310b2-f96f-7898-d32a-aa6db132bcf0",
        "grossValue": 35066458,
        "homeNotional": 0.35066458,
        "foreignNotional": 1999
    },
    {
        "timestamp": "2019-05-03T12:03:31.742Z",
        "symbol": "XBTUSD",
        "side": "Buy",
        "size": 2000,
        "price": 5700.5,
        "tickDirection": "ZeroPlusTick",
        "trdMatchID": "1349f8ba-dc15-84b7-d210-9ceea1b38105",
        "grossValue": 35084000,
        "homeNotional": 0.35084,
        "foreignNotional": 2000
    },
    {
        "timestamp": "2019-05-03T12:03:31.742Z",
        "symbol": "XBTUSD",
        "side": "Buy",
        "size": 53,
        "price": 5700.5,
        "tickDirection": "ZeroPlusTick",
        "trdMatchID": "ee2c8358-b64f-d600-37b9-b4e914014c1b",
        "grossValue": 929726,
        "homeNotional": 0.00929726,
        "foreignNotional": 53
    },
    {
        "timestamp": "2019-05-03T12:03:31.742Z",
        "symbol": "XBTUSD",
        "side": "Buy",
        "size": 90,
        "price": 5700.5,
        "tickDirection": "ZeroPlusTick",
        "trdMatchID": "1f010176-fcd3-cf05-0e27-781499427fe8",
        "grossValue": 1578780,
        "homeNotional": 0.0157878,
        "foreignNotional": 90
    },
    {
        "timestamp": "2019-05-03T12:03:31.742Z",
        "symbol": "XBTUSD",
        "side": "Buy",
        "size": 1999,
        "price": 5700.5,
        "tickDirection": "ZeroPlusTick",
        "trdMatchID": "8ab0a2d7-6af9-9814-9c1d-fc6b412dfa15",
        "grossValue": 35066458,
        "homeNotional": 0.35066458,
        "foreignNotional": 1999
    },
    {
        "timestamp": "2019-05-03T12:03:31.742Z",
        "symbol": "XBTUSD",
        "side": "Buy",
        "size": 60000,
        "price": 5700.5,
        "tickDirection": "ZeroPlusTick",
        "trdMatchID": "72f274e0-0dfc-f95b-a694-be471a1dd080",
        "grossValue": 1052520000,
        "homeNotional": 10.5252,
        "foreignNotional": 60000
    },
    {
        "timestamp": "2019-05-03T12:03:31.742Z",
        "symbol": "XBTUSD",
        "side": "Buy",
        "size": 5374,
        "price": 5700.5,
        "tickDirection": "ZeroPlusTick",
