[
    {
        "timestamp": "2020-04-12T11:34:22.120Z",
        "symbol": "XBTUSD",
        "side": "Sell",
        "size": 1000,
        "price": 6877,
        "tickDirection": "ZeroMinusTick",
        "trdMatchID": "56542b5a-2ef5-d6b9-8949-a3cb27b4af9e",
        "grossValue": 14541000,
        "homeNotional": 0.14541,
        "foreignNotional": 1000
    },
    {
        "timestamp": "2020-04-12T11:34:22.045Z",
        "symbol": "XBTUSD",
        "side": "Sell",
        "size": 7500,
        "price": 6877,
        "tickDirection": "ZeroMinusTick",
        "trdMatchID": "87a153e4-d67c-48b6-3db3-54c459d3472d",
        "grossValue": 109057500,
        "homeNotional": 1.090575,
        "foreignNotional": 7500
    },
    {
        "timestamp": "2020-04-12T11:34:22.018Z",
        "symbol": "XBTUSD",
        "side": "Sell",
        "size": 31,
        "price": 6877,
        "tickDirection": "MinusTick",
        "trdMatchID": "52b96519-1190-fa8c-36de-dd80715c2b7a",
        "grossValue": 450771,
        "homeNotional": 0.00450771,
        "foreignNotional": 31
    },
    {
        "timestamp": "2020-04-12T11:34:21.987Z",
        "symbol": "XBTUSD",
        "side": "Buy",
        "size": 1000,
        "price": 6877.5,
        "tickDirection": "PlusTick",
        "trdMatchID": "5441a77f-4765-e2a1-2122-b4cd21cc25fa",
        "grossValue": 14540000,
        "homeNotional": 0.1454,
        "foreignNotional": 1000
    },
    {
        "timestamp": "2020-04-12T11:34:21.816Z",
        "symbol": "XBTUSD",
        "side": "Sell",
        "size": 477,
        "price": 6877,
        "tickDirection": "ZeroMinusTick",
        "trdMatchID": "7aa42ca1-48e9-1949-acc3-2c66d26d48d1",
        "grossValue": 6936057,
        "homeNotional": 0.06936057,
        "foreignNotional": 477
    },
    {
        "timestamp": "2020-04-12T11:34:21.816Z",
        "symbol": "XBTUSD",
        "side": "Sell",
        "size": 63,
        "price": 6877,
        "tickDirection": "ZeroMinusTick",
        "trdMatchID": "ddff3238-2c94-962d-069c-3932928e18c3",
        "grossValue": 916083,
        "homeNotional": 0.00916083,
        "foreignNotional": 63
    },
    {
        "timestamp": "2020-04-12T11:34:21.706Z",
        "symbol": "XBTUSD",
        "side": "Sell",
        "size": 1200,
        "price": 6877,
        "tickDirection": "ZeroMinusTick",
        "trdMatchID": "e7ee89d3-66e9-a029-7d15-f4892b258fec",
        "grossValue": 17449200,
        "homeNotional": 0.174492,
        "foreignNotional": 1200
    },
    {
        "timestamp": "2020-04-12T11:34:21.545Z",
        "symbol": "XBTUSD",
        "side": "Sell",
        "size": 1000,
        "price": 6877,
        "tickDirection": "ZeroMinusTick",
        "trdMatchID": "b340f8ec-1e62-9ff3-25ef-e3e182f488df",
        "grossValue": 14541000,
        "homeNotional": 0.14541,
        "foreignNotional": 1000
    },
    {
        "timestamp": "2020-04-12T11:34:21.540Z",
        "symbol": "XBTUSD",
        "side": "Sell",
        "size": 7825,
        "price": 6877,
        "tickDirection": "ZeroMinusTick",
        "trdMatchID": "f885a3d9-c3e0-5c0a-bbb3-817a2b8ac1d4",
        "grossValue": 113783325,
        "homeNotional": 1.13783325,
        "foreignNotional": 7825
    },
    {
        "timestamp": "2020-04-12T11:34:21.540Z",
        "symbol": "XBTUSD",
        "side": "Sell",
        "size": 7175,
        "price": 6877,
        "tickDirection": "ZeroMinusTick",
        "trdMatchID": "bd624af8-77a8-bcb1-4e4a-2b32a5bae627",
        "grossValue": 104331675,
        "homeNotional": 1.04331675,
        "foreignNotional": 7175
    },
    {
        "timestamp": "2020-04-12T11:34:20.954Z",
        "symbol": "XBTUSD",
        "side": "Sell",
        "size": 3000,
        "price": 6877,
        "tickDirection": "ZeroMinusTick",
        "trdMatchID": "04f5005e-fec6-1893-abe6-de09170e083f",
        "grossValue": 43623000,
        "homeNotional": 0.43623,
        "foreignNotional": 3000
    },
    {
        "timestamp": "2020-04-12T11:34:20.694Z",
        "symbol": "XBTUSD",
        "side": "Sell",
        "size": 400,
        "price": 6877,
        "tickDirection": "ZeroMinusTick",
        "trdMatchID": "c69eda8e-81e8-b0a8-eb19-c5804c9bf5ff",
        "grossValue": 5816400,
        "homeNotional": 0.058164,
        "foreignNotional": 400
    },
    {
        "timestamp": "2020-04-12T11:34:20.273Z",
        "symbol": "XBTUSD",
        "side": "Sell",
        "size": 1000,
        "price": 6877,
        "tickDirection": "ZeroMinusTick",
        "trdMatchID": "278f1ce1-e7a9-b88e-8169-7488fa6c1688",
        "grossValue": 14541000,
        "homeNotional": 0.14541,
        "foreignNotional": 1000
    },
    {
        "timestamp": "2020-04-12T11:34:20.194Z",
        "symbol": "XBTUSD",
        "side": "Sell",
        "size": 31,
        "price": 6877,
        "tickDirection": "ZeroMinusTick",
        "trdMatchID": "9aa7bd50-fcb2-8a9a-c804-2530a95f5ae6",
        "grossValue": 450771,
        "homeNotional": 0.00450771,
        "foreignNotional": 31
    },
    {
        "timestamp": "2020-04-12T11:34:20.111Z",
        "symbol": "XBTUSD",
        "side": "Sell",
        "size": 394,
        "price": 6877,
        "tickDirection": "ZeroMinusTick",
        "trdMatchID": "1b1a98ac-c1cc-976f-7bc9-4b16acd0b693",
        "grossValue": 5729154,
        "homeNotional": 0.05729154,
        "foreignNotional": 394
    },
    {
        "timestamp": "2020-04-12T11:34:20.111Z",
        "symbol": "XBTUSD",
        "side": "Sell",
        "size": 1500,
        "price": 6877,
        "tickDirection": "ZeroMinusTick",
        "trdMatchID": "bd05e41b-4e81-d819-f3bd-542973f10842",
        "grossValue": 21811500,
        "homeNotional": 0.218115,
        "foreignNotional": 1500
    },
    {
        "timestamp": "2020-04-12T11:34:20.111Z",
        "symbol": "XBTUSD",
        "side": "Sell",
        "size": 990,
        "price": 6877,
        "tickDirection": "ZeroMinusTick",
        "trdMatchID": "dd29c33e-93b3-9ca8-6f5b-630b021eb8ba",
        "grossValue": 14395590,
        "homeNotional": 0.1439559,
        "foreignNotional": 990
    },
    {
        "timestamp": "2020-04-12T11:34:20.111Z",
        "symbol": "XBTUSD",
        "side": "Sell",
        "size": 990,
        "price": 6877,
        "tickDirection": "ZeroMinusTick",
        "trdMatchID": "2fffdfc7-31dd-34d3-66cb-1351a0b0ef67",
        "grossValue": 14395590,
        "homeNotional": 0.1439559,
        "foreignNotional": 990
    },
    {
        "timestamp": "2020-04-12T11:34:20.111Z",
        "symbol": "XBTUSD",
        "side": "Sell",
        "size": 1500,
        "price": 6877,
        "tickDirection": "ZeroMinusTick",
        "trdMatchID": "a848f5a6-c6ab-f5c3-d4e5-ab8d6df9adb9",
        "grossValue": 21811500,
        "homeNotional": 0.218115,
        "foreignNotional": 1500
    },
    {
        "timestamp": "2020-04-12T11:34:20.111Z",
        "symbol": "XBTUSD",
        "side": "Sell",
        "size": 3931,
        "price": 6877,
        "tickDirection": "ZeroMinusTick",
        "trdMatchID": "95d9ca09-75c0-8ce5-525e-f1eb7c1a55d7",
        "grossValue": 57160671,
        "homeNotional": 0.57160671,
        "foreignNotional": 3931
    },
    {
        "timestamp": "2020-04-12T11:34:20.111Z",
        "symbol": "XBTUSD",
        "side": "Sell",
        "size": 310,
        "price": 6877,
        "tickDirection": "ZeroMinusTick",
        "trdMatchID": "c2273d89-82b1-dafa-8b0f-d4d0310e7574",
        "grossValue": 4507710,
        "homeNotional": 0.0450771,
        "foreignNotional": 310
    },
    {
        "timestamp": "2020-04-12T11:34:20.111Z",
        "symbol": "XBTUSD",
        "side": "Sell",
        "size": 1,
        "price": 6877,
        "tickDirection": "ZeroMinusTick",
        "trdMatchID": "934647eb-6a60-08a6-8230-001e1bcfa9ab",
        "grossValue": 14541,
        "homeNotional": 0.00014541,
        "foreignNotional": 1
    },
    {
        "timestamp": "2020-04-12T11:34:20.111Z",
        "symbol": "XBTUSD",
        "side": "Sell",
        "size": 75,
        "price": 6877,
        "tickDirection": "ZeroMinusTick",
        "trdMatchID": "4820633d-ecc8-6f1e-9d5a-280e3f76935f",
        "grossValue": 1090575,
        "homeNotional": 0.01090575,
        "foreignNotional": 75
    },
    {
        "timestamp": "2020-04-12T11:34:20.111Z",
        "symbol": "XBTUSD",
        "side": "Sell",
        "size": 100,
        "price": 6877,
        "tickDirection": "ZeroMinusTick",
        "trdMatchID": "805f87d8-57d9-7b24-6acf-98a0d108ec72",
        "grossValue": 1454100,
        "homeNotional": 0.014541,
        "foreignNotional": 100
    },
    {
        "timestamp": "2020-04-12T11:34:20.111Z",
        "symbol": "XBTUSD",
        "side": "Sell",
        "size": 531,
        "price": 6877,
        "tickDirection": "ZeroMinusTick",
        "trdMatchID": "c4882f44-7170-4a81-e02e-d0cde2043eb3",
        "grossValue": 7721271,
        "homeNotional": 0.07721271,
        "foreignNotional": 531
    },
    {
        "timestamp": "2020-04-12T11:34:20.111Z",
        "symbol": "XBTUSD",
        "side": "Sell",
        "size": 4112,
        "price": 6877,
        "tickDirection": "ZeroMinusTick",
        "trdMatchID": "8a0af5b3-714a-aaaf-352c-3d1202631d2e",
        "grossValue": 59792592,
        "homeNotional": 0.59792592,
        "foreignNotional": 4112
    },
    {
        "timestamp": "2020-04-12T11:34:20.111Z",
        "symbol": "XBTUSD",
        "side": "Sell",
        "size": 5946,
        "price": 6877,
        "tickDirection": "ZeroMinusTick",
        "trdMatchID": "c6117f3f-7fef-fff9-9196-681d17f5ae1c",
        "grossValue": 86460786,
        "homeNotional": 0.86460786,
        "foreignNotional": 5946
    },
    {
        "timestamp": "2020-04-12T11:34:20.111Z",
        "symbol": "XBTUSD",
        "side": "Sell",
        "size": 100,
        "price": 6877,
        "tickDirection": "ZeroMinusTick",
        "trdMatchID": "d1da5cf7-4197-715e-6946-e2d75be0f8e0",
        "grossValue": 1454100,
        "homeNotional": 0.014541,
        "foreignNotional": 100
    },
    {
        "timestamp": "2020-04-12T11:34:20.111Z",
        "symbol": "XBTUSD",
        "side": "Sell",
        "size": 63,
        "price": 6877,
        "tickDirection": "ZeroMinusTick",
        "trdMatchID": "06fb6e29-2b38-784a-6294-97220d3af149",
        "grossValue": 916083,
        "homeNotional": 0.00916083,
        "foreignNotional": 63
    },
    {
        "timestamp": "2020-04-12T11:34:20.111Z",
        "symbol": "XBTUSD",
        "side": "Sell",
        "size": 600,
        "price": 6877,
        "tickDirection": "ZeroMinusTick",
        "trdMatchID": "9ac05dc7-fa8d-a228-06ef-e83ade7c14c0",
        "grossValue": 8724600,
        "homeNotional": 0.087246,
        "foreignNotional": 600
    },
    {
        "timestamp": "2020-04-12T11:34:20.111Z",
        "symbol": "XBTUSD",
        "side": "Sell",
        "size": 10,
        "price": 6877,
        "tickDirection": "ZeroMinusTick",
        "trdMatchID": "f63e70de-6913-b3b7-1bd8-e585c4ef8d22",
        "grossValue": 145410,
        "homeNotional": 0.0014541,
        "foreignNotional": 10
    },
    {
        "timestamp": "2020-04-12T11:34:20.111Z",
        "symbol": "XBTUSD",
        "side": "Sell",
        "size": 6645,
        "price": 6877,
        "tickDirection": "ZeroMinusTick",
        "trdMatchID": "22013f01-a7da-051b-7ffe-c1e5bd7d66db",
        "grossValue": 96624945,
        "homeNotional": 0.96624945,
        "foreignNotional": 6645
    },
    {
        "timestamp": "2020-04-12T11:34:20.111Z",
        "symbol": "XBTUSD",
        "side": "Sell",
        "size": 20,
        "price": 6877,
        "tickDirection": "ZeroMinusTick",
        "trdMatchID": "1f4c39b7-304c-8147-e803-444b6dbd3a47",
        "grossValue": 290820,
        "homeNotional": 0.0029082,
        "foreignNotional": 20
    },
    {
        "timestamp": "2020-04-12T11:34:20.111Z",
        "symbol": "XBTUSD",
        "side": "Sell",
        "size": 50,
        "price": 6877,
        "tickDirection": "ZeroMinusTick",
        "trdMatchID": "54bedb11-66ab-3d06-26a8-18e9f31e5c1e",
        "grossValue": 727050,
        "homeNotional": 0.0072705,
        "foreignNotional": 50
    },
    {
        "timestamp": "2020-04-12T11:34:20.111Z",
        "symbol": "XBTUSD",
        "side": "Sell",
        "size": 20,
        "price": 6877,
        "tickDirection": "ZeroMinusTick",
        "trdMatchID": "e09b983e-c819-c665-50e9-854114d0f6e8",
        "grossValue": 290820,
        "homeNotional": 0.0029082,
        "foreignNotional": 20
    },
    {
        "timestamp": "2020-04-12T11:34:20.111Z",
        "symbol": "XBTUSD",
        "side": "Sell",
        "size": 40,
        "price": 6877,
        "tickDirection": "ZeroMinusTick",
        "trdMatchID": "4ef18f65-6df5-c64c-56c2-80164882cf65",
        "grossValue": 581640,
        "homeNotional": 0.0058164,
        "foreignNotional": 40
    },
    {
        "timestamp": "2020-04-12T11:34:20.111Z",
        "symbol": "XBTUSD",
        "side": "Sell",
        "size": 20,
        "price": 6877,
        "tickDirection": "ZeroMinusTick",
        "trdMatchID": "02c2ff10-1357-d7f8-399d-c509bacf2c5e",
        "grossValue": 290820,
        "homeNotional": 0.0029082,
        "foreignNotional": 20
    },
    {
        "timestamp": "2020-04-12T11:34:20.111Z",
        "symbol": "XBTUSD",
        "side": "Sell",
        "size": 40022,
        "price": 6877,
        "tickDirection": "ZeroMinusTick",
        "trdMatchID": "4a1b1cd1-10e6-eef8-7e4c-936f909ab7ff",
        "grossValue": 581959902,
        "homeNotional": 5.81959902,
        "foreignNotional": 40022
    },
    {
        "timestamp": "2020-04-12T11:34:20.111Z",
        "symbol": "XBTUSD",
        "side": "Sell",
        "size": 30,
        "price": 6877,
        "tickDirection": "MinusTick",
        "trdMatchID": "c2e468d2-1c95-c42d-947f-157c347f6ece",
        "grossValue": 436230,
        "homeNotional": 0.0043623,
        "foreignNotional": 30
    },
    {
        "timestamp": "2020-04-12T11:34:19.876Z",
        "symbol": "XBTUSD",
        "side": "Buy",
        "size": 240,
        "price": 6877.5,
        "tickDirection": "ZeroPlusTick",
        "trdMatchID": "b0a4fb27-72a2-fef0-db1c-bbce0e13a482",
        "grossValue": 3489600,
        "homeNotional": 0.034896,
        "foreignNotional": 240
    },
    {
        "timestamp": "2020-04-12T11:34:19.637Z",
        "symbol": "XBTUSD",
        "side": "Buy",
        "size": 1445,
        "price": 6877.5,
        "tickDirection": "ZeroPlusTick",
        "trdMatchID": "515b2f9f-5cc1-5d2e-d4ad-f1ad5b7f0002",
        "grossValue": 21010300,
        "homeNotional": 0.210103,
        "foreignNotional": 1445
    },
    {
        "timestamp": "2020-04-12T11:34:19.637Z",
        "symbol": "XBTUSD",
        "side": "Buy",
        "size": 8555,
        "price": 6877.5,
        "tickDirection": "PlusTick",
        "trdMatchID": "3285fffa-004d-30b3-9534-460cb641cbcd",
        "grossValue": 124389700,
        "homeNotional": 1.243897,
        "foreignNotional": 8555
    },
    {
        "timestamp": "2020-04-12T11:34:19.624Z",
        "symbol": "XBTUSD",
        "side": "Sell",
        "size": 4484,
        "price": 6877,
        "tickDirection": "ZeroMinusTick",
        "trdMatchID": "e6bb81ae-b4a7-2532-dbd3-9dc37f44aea7",
        "grossValue": 65201844,
        "homeNotional": 0.65201844,
        "foreignNotional": 4484
    },
    {
        "timestamp": "2020-04-12T11:34:19.624Z",
        "symbol": "XBTUSD",
        "side": "Sell",
        "size": 1,
        "price": 6877,
        "tickDirection": "ZeroMinusTick",
        "trdMatchID": "4a9783ca-0a8e-6745-ad48-7cd9132b021b",
        "grossValue": 14541,
        "homeNotional": 0.00014541,
        "foreignNotional": 1
    },
    {
        "timestamp": "2020-04-12T11:34:19.624Z",
        "symbol": "XBTUSD",
        "side": "Sell",
        "size": 5515,
        "price": 6877,
        "tickDirection": "MinusTick",
        "trdMatchID": "b8cbd689-b23f-1426-94cb-f52bbe27f8ec",
        "grossValue": 80193615,
        "homeNotional": 0.80193615,
        "foreignNotional": 5515
    },
    {
        "timestamp": "2020-04-12T11:34:19.474Z",
        "symbol": "XBTUSD",
        "side": "Buy",
        "size": 3000,
        "price": 6877.5,
        "tickDirection": "PlusTick",
        "trdMatchID": "6f9cb34d-6f6d-60b1-a7b7-34ec3e2c6285",
        "grossValue": 43620000,
        "homeNotional": 0.4362,
        "foreignNotional": 3000
    },
    {
        "timestamp": "2020-04-12T11:34:19.192Z",
        "symbol": "XBTUSD",
        "side": "Sell",
        "size": 31,
        "price": 6877,
        "tickDirection": "MinusTick",
        "trdMatchID": "bf019e0d-b5da-bdf3-0ad7-3350312b691e",
        "grossValue": 450771,
        "homeNotional": 0.00450771,
        "foreignNotional": 31
    },
    {
        "timestamp": "2020-04-12T11:34:18.626Z",
        "symbol": "XBTUSD",
        "side": "Buy",
        "size": 2000,
        "price": 6877.5,
        "tickDirection": "ZeroPlusTick",
        "trdMatchID": "3aed21bf-4528-952c-b8b4-ee848fd4c47e",
        "grossValue": 29080000,
        "homeNotional": 0.2908,
        "foreignNotional": 2000
    },
    {
        "timestamp": "2020-04-12T11:34:18.496Z",
        "symbol": "XBTUSD",
        "side": "Buy",
        "size": 200,
        "price": 6877.5,
        "tickDirection": "ZeroPlusTick",
        "trdMatchID": "f6c2d83f-d33a-5c00-7c49-c009e8eef4ff",
        "grossValue": 2908000,
        "homeNotional": 0.02908,
        "foreignNotional": 200
    },
    {
        "timestamp": "2020-04-12T11:34:18.418Z",
        "symbol": "XBTUSD",
        "side": "Buy",
        "size": 2000,
        "price": 6877.5,
        "tickDirection": "PlusTick",
        "trdMatchID": "97a1598f-1a0e-c1fa-82b0-05ba7fb880a9",
        "grossValue": 29080000,
        "homeNotional": 0.2908,
        "foreignNotional": 2000
    },
    {
        "timestamp": "2020-04-12T11:34:18.061Z",
        "symbol": "XBTUSD",
        "side": "Sell",
        "size": 31,
        "price": 6877,
        "tickDirection": "ZeroMinusTick",
        "trdMatchID": "338ea17a-1e65-a740-6ef4-acb92592040c",
        "grossValue": 450771,
        "homeNotional": 0.00450771,
        "foreignNotional": 31
    },
    {
        "timestamp": "2020-04-12T11:34:17.665Z",
        "symbol": "XBTUSD",
        "side": "Sell",
        "size": 1000,
        "price": 6877,
        "tickDirection": "MinusTick",
        "trdMatchID": "022504b8-d736-6be8-5af7-b0eb2ff74b2e",
        "grossValue": 14541000,
        "homeNotional": 0.14541,
        "foreignNotional": 1000
    },
    {
        "timestamp": "2020-04-12T11:34:17.559Z",
        "symbol": "XBTUSD",
        "side": "Buy",
        "size": 400,
        "price": 6877.5,
        "tickDirection": "PlusTick",
        "trdMatchID": "6eeec1ca-7aae-fd04-9c23-25ceacf8fd5f",
        "grossValue": 5816000,
        "homeNotional": 0.05816,
        "foreignNotional": 400
    },
    {
        "timestamp": "2020-04-12T11:34:17.195Z",
        "symbol": "XBTUSD",
        "side": "Sell",
        "size": 100,
        "price": 6877,
        "tickDirection": "ZeroMinusTick",
        "trdMatchID": "4900c66d-e323-fc83-0449-48201bf3fc07",
        "grossValue": 1454100,
        "homeNotional": 0.014541,
        "foreignNotional": 100
    },
    {
        "timestamp": "2020-04-12T11:34:16.208Z",
        "symbol": "XBTUSD",
        "side": "Sell",
        "size": 50,
        "price": 6877,
        "tickDirection": "ZeroMinusTick",
        "trdMatchID": "529a8636-10c7-1a31-62bf-6ce24cd1feb9",
        "grossValue": 727050,
        "homeNotional": 0.0072705,
        "foreignNotional": 50
    },
    {
        "timestamp": "2020-04-12T11:34:16.179Z",
        "symbol": "XBTUSD",
        "side": "Sell",
        "size": 1000,
        "price": 6877,
        "tickDirection": "ZeroMinusTick",
        "trdMatchID": "44c99448-0bba-3d67-b75c-f6d04936224f",
        "grossValue": 14541000,
        "homeNotional": 0.14541,
        "foreignNotional": 1000
    },
    {
        "timestamp": "2020-04-12T11:34:16.171Z",
        "symbol": "XBTUSD",
        "side": "Sell",
        "size": 1500,
        "price": 6877,
        "tickDirection": "ZeroMinusTick",
        "trdMatchID": "dc0eef64-e0ce-7421-14ea-843111d703a2",
        "grossValue": 21811500,
        "homeNotional": 0.218115,
        "foreignNotional": 1500
    },
    {
        "timestamp": "2020-04-12T11:34:16.079Z",
        "symbol": "XBTUSD",
        "side": "Sell",
        "size": 3000,
        "price": 6877,
        "tickDirection": "MinusTick",
        "trdMatchID": "368370a3-bbdd-eb3a-7990-95b6b67859d4",
        "grossValue": 43623000,
        "homeNotional": 0.43623,
        "foreignNotional": 3000
    },
    {
        "timestamp": "2020-04-12T11:34:15.295Z",
        "symbol": "XBTUSD",
        "side": "Buy",
        "size": 2989,
        "price": 6877.5,
        "tickDirection": "ZeroPlusTick",
        "trdMatchID": "6335ece8-f3fa-fe53-99ec-92d6bc0a4351",
        "grossValue": 43460060,
        "homeNotional": 0.4346006,
        "foreignNotional": 2989
    },
    {
        "timestamp": "2020-04-12T11:34:15.295Z",
        "symbol": "XBTUSD",
        "side": "Buy",
        "size": 1,
        "price": 6877.5,
        "tickDirection": "ZeroPlusTick",
        "trdMatchID": "cc2b39b9-d286-dc0e-a799-b84037d3da13",
        "grossValue": 14540,
        "homeNotional": 0.0001454,
        "foreignNotional": 1
    },
    {
        "timestamp": "2020-04-12T11:34:15.295Z",
        "symbol": "XBTUSD",
        "side": "Buy",
        "size": 10,
        "price": 6877.5,
        "tickDirection": "ZeroPlusTick",
        "trdMatchID": "3e489de4-3489-5651-172c-3c3ddf367e0b",
        "grossValue": 145400,
        "homeNotional": 0.001454,
        "foreignNotional": 10
    },
    {
        "timestamp": "2020-04-12T11:34:15.110Z",
        "symbol": "XBTUSD",
        "side": "Buy",
        "size": 1551,
        "price": 6877.5,
        "tickDirection": "ZeroPlusTick",
        "trdMatchID": "aaef73b4-9e9d-17d2-33b7-39813a5de486",
        "grossValue": 22551540,
        "homeNotional": 0.2255154,
        "foreignNotional": 1551
    },
    {
        "timestamp": "2020-04-12T11:34:15.110Z",
        "symbol": "XBTUSD",
        "side": "Buy",
        "size": 44022,
        "price": 6877.5,
        "tickDirection": "ZeroPlusTick",
        "trdMatchID": "03b2d7ea-068e-529d-c436-1b2b42dcd236",
        "grossValue": 640079880,
        "homeNotional": 6.4007988,
        "foreignNotional": 44022
    },
    {
        "timestamp": "2020-04-12T11:34:15.110Z",
        "symbol": "XBTUSD",
        "side": "Buy",
        "size": 75,
        "price": 6877.5,
        "tickDirection": "ZeroPlusTick",
        "trdMatchID": "b2f8e537-b47c-20c3-8e74-a727a06291a1",
        "grossValue": 1090500,
        "homeNotional": 0.010905,
        "foreignNotional": 75
    },
    {
        "timestamp": "2020-04-12T11:34:15.110Z",
        "symbol": "XBTUSD",
        "side": "Buy",
        "size": 12000,
        "price": 6877.5,
        "tickDirection": "ZeroPlusTick",
        "trdMatchID": "401eac38-9609-424a-2f0b-0ab5525bfd0a",
        "grossValue": 174480000,
        "homeNotional": 1.7448,
        "foreignNotional": 12000
    },
    {
        "timestamp": "2020-04-12T11:34:15.110Z",
        "symbol": "XBTUSD",
        "side": "Buy",
        "size": 990,
        "price": 6877.5,
        "tickDirection": "ZeroPlusTick",
        "trdMatchID": "fa77adf0-8808-c572-74fb-916a974e3786",
        "grossValue": 14394600,
        "homeNotional": 0.143946,
        "foreignNotional": 990
    },
    {
        "timestamp": "2020-04-12T11:34:15.110Z",
        "symbol": "XBTUSD",
        "side": "Buy",
        "size": 990,
        "price": 6877.5,
        "tickDirection": "ZeroPlusTick",
        "trdMatchID": "580c4015-4006-25de-6477-29f9f7a820bf",
        "grossValue": 14394600,
        "homeNotional": 0.143946,
        "foreignNotional": 990
    },
    {
        "timestamp": "2020-04-12T11:34:15.110Z",
        "symbol": "XBTUSD",
        "side": "Buy",
        "size": 4500,
        "price": 6877.5,
        "tickDirection": "ZeroPlusTick",
        "trdMatchID": "1b6cc549-866d-b459-91fb-71346461f344",
        "grossValue": 65430000,
        "homeNotional": 0.6543,
        "foreignNotional": 4500
    },
    {
        "timestamp": "2020-04-12T11:34:15.110Z",
        "symbol": "XBTUSD",
        "side": "Buy",
        "size": 990,
        "price": 6877.5,
        "tickDirection": "ZeroPlusTick",
        "trdMatchID": "9318e09f-dd0b-68e3-d029-d71f42f4777f",
        "grossValue": 14394600,
        "homeNotional": 0.143946,
        "foreignNotional": 990
    },
    {
        "timestamp": "2020-04-12T11:34:15.110Z",
        "symbol": "XBTUSD",
        "side": "Buy",
        "size": 4500,
        "price": 6877.5,
        "tickDirection": "ZeroPlusTick",
        "trdMatchID": "ef037bda-ada2-6c56-2425-8badee9fc38e",
        "grossValue": 65430000,
        "homeNotional": 0.6543,
        "foreignNotional": 4500
    },
    {
        "timestamp": "2020-04-12T11:34:15.110Z",
        "symbol": "XBTUSD",
        "side": "Buy",
        "size": 990,
        "price": 6877.5,
        "tickDirection": "ZeroPlusTick",
        "trdMatchID": "1ce060ee-8fb5-8649-3d14-6e0eee3298f4",
        "grossValue": 14394600,
        "homeNotional": 0.143946,
        "foreignNotional": 990
    },
    {
        "timestamp": "2020-04-12T11:34:15.110Z",
        "symbol": "XBTUSD",
        "side": "Buy",
        "size": 25,
        "price": 6877.5,
        "tickDirection": "ZeroPlusTick",
        "trdMatchID": "6496060c-9983-21da-1e1f-510e851145ea",
        "grossValue": 363500,
        "homeNotional": 0.003635,
        "foreignNotional": 25
    },
    {
        "timestamp": "2020-04-12T11:34:15.110Z",
        "symbol": "XBTUSD",
        "side": "Buy",
        "size": 35,
        "price": 6877.5,
        "tickDirection": "ZeroPlusTick",
        "trdMatchID": "c4b93dbc-d8d2-4388-8526-aafd79a197f7",
        "grossValue": 508900,
        "homeNotional": 0.005089,
        "foreignNotional": 35
    },
    {
        "timestamp": "2020-04-12T11:34:15.110Z",
        "symbol": "XBTUSD",
        "side": "Buy",
        "size": 21,
        "price": 6877.5,
        "tickDirection": "ZeroPlusTick",
        "trdMatchID": "81ca42bd-84a2-e134-de18-0cab03a6c005",
        "grossValue": 305340,
        "homeNotional": 0.0030534,
        "foreignNotional": 21
    },
    {
        "timestamp": "2020-04-12T11:34:15.110Z",
        "symbol": "XBTUSD",
        "side": "Buy",
        "size": 3000,
        "price": 6877.5,
        "tickDirection": "ZeroPlusTick",
        "trdMatchID": "4ad2baea-a315-8af1-b28e-0236914913cf",
        "grossValue": 43620000,
        "homeNotional": 0.4362,
        "foreignNotional": 3000
    },
    {
        "timestamp": "2020-04-12T11:34:15.110Z",
        "symbol": "XBTUSD",
        "side": "Buy",
        "size": 4000,
        "price": 6877.5,
        "tickDirection": "ZeroPlusTick",
        "trdMatchID": "cd187d66-5fda-108d-7f3e-6015aa7df313",
        "grossValue": 58160000,
        "homeNotional": 0.5816,
        "foreignNotional": 4000
    },
    {
        "timestamp": "2020-04-12T11:34:15.110Z",
        "symbol": "XBTUSD",
        "side": "Buy",
        "size": 3000,
        "price": 6877.5,
        "tickDirection": "ZeroPlusTick",
        "trdMatchID": "9a21ed0e-33bc-46ec-2acb-2151d02cd15b",
        "grossValue": 43620000,
        "homeNotional": 0.4362,
        "foreignNotional": 3000
    },
    {
        "timestamp": "2020-04-12T11:34:15.110Z",
        "symbol": "XBTUSD",
        "side": "Buy",
        "size": 3000,
        "price": 6877.5,
        "tickDirection": "ZeroPlusTick",
        "trdMatchID": "1bd38a42-1d72-5c32-0bd1-458dc774b5dd",
        "grossValue": 43620000,
        "homeNotional": 0.4362,
        "foreignNotional": 3000
    },
    {
        "timestamp": "2020-04-12T11:34:15.110Z",
        "symbol": "XBTUSD",
        "side": "Buy",
        "size": 2200,
        "price": 6877.5,
        "tickDirection": "ZeroPlusTick",
        "trdMatchID": "10f847e4-b310-38c4-126e-bd7b3656357f",
        "grossValue": 31988000,
        "homeNotional": 0.31988,
        "foreignNotional": 2200
    },
    {
        "timestamp": "2020-04-12T11:34:15.110Z",
        "symbol": "XBTUSD",
        "side": "Buy",
        "size": 3000,
        "price": 6877.5,
        "tickDirection": "ZeroPlusTick",
        "trdMatchID": "7783863b-29bc-ca10-eb26-6ea41e9f965a",
        "grossValue": 43620000,
        "homeNotional": 0.4362,
        "foreignNotional": 3000
    },
    {
        "timestamp": "2020-04-12T11:34:15.110Z",
        "symbol": "XBTUSD",
        "side": "Buy",
        "size": 10,
        "price": 6877.5,
        "tickDirection": "ZeroPlusTick",
        "trdMatchID": "af8f2075-b4dc-3e93-b657-80867e698f7d",
        "grossValue": 145400,
        "homeNotional": 0.001454,
        "foreignNotional": 10
    },
    {
        "timestamp": "2020-04-12T11:34:15.110Z",
        "symbol": "XBTUSD",
        "side": "Buy",
        "size": 997,
        "price": 6877.5,
        "tickDirection": "ZeroPlusTick",
        "trdMatchID": "e2a17d23-b76d-1c19-a67f-8120026613f3",
        "grossValue": 14496380,
        "homeNotional": 0.1449638,
        "foreignNotional": 997
    },
    {
        "timestamp": "2020-04-12T11:34:15.110Z",
        "symbol": "XBTUSD",
        "side": "Buy",
        "size": 50000,
        "price": 6877.5,
        "tickDirection": "ZeroPlusTick",
        "trdMatchID": "3170c4db-ae96-ad88-30c9-edda62284e68",
        "grossValue": 727000000,
        "homeNotional": 7.27,
        "foreignNotional": 50000
    },
    {
        "timestamp": "2020-04-12T11:34:15.110Z",
        "symbol": "XBTUSD",
        "side": "Buy",
        "size": 25000,
        "price": 6877.5,
        "tickDirection": "ZeroPlusTick",
        "trdMatchID": "a3f3a726-a2f1-0dec-8a11-22377e791a42",
        "grossValue": 363500000,
        "homeNotional": 3.635,
        "foreignNotional": 25000
    },
    {
        "timestamp": "2020-04-12T11:34:15.110Z",
        "symbol": "XBTUSD",
        "side": "Buy",
        "size": 367,
        "price": 6877.5,
        "tickDirection": "ZeroPlusTick",
        "trdMatchID": "1b1de2bf-1ca6-9a46-be98-6801ffdc7c3b",
        "grossValue": 5336180,
        "homeNotional": 0.0533618,
        "foreignNotional": 367
    },
    {
        "timestamp": "2020-04-12T11:34:15.110Z",
        "symbol": "XBTUSD",
        "side": "Buy",
        "size": 38,
        "price": 6877.5,
        "tickDirection": "ZeroPlusTick",
        "trdMatchID": "de4fa0af-d1ed-9c96-3f8d-0ee9019fb3cb",
        "grossValue": 552520,
        "homeNotional": 0.0055252,
        "foreignNotional": 38
    },
    {
        "timestamp": "2020-04-12T11:34:15.110Z",
        "symbol": "XBTUSD",
        "side": "Buy",
        "size": 330000,
        "price": 6877.5,
        "tickDirection": "ZeroPlusTick",
        "trdMatchID": "93c201e9-d039-ee4d-7126-0e5a31f9b4fb",
        "grossValue": 4798200000,
        "homeNotional": 47.982,
        "foreignNotional": 330000
    },
    {
        "timestamp": "2020-04-12T11:34:15.110Z",
        "symbol": "XBTUSD",
        "side": "Buy",
        "size": 20,
        "price": 6877.5,
        "tickDirection": "ZeroPlusTick",
        "trdMatchID": "18b94962-8882-64d6-562d-7566bad2ed4e",
        "grossValue": 290800,
        "homeNotional": 0.002908,
        "foreignNotional": 20
    },
    {
        "timestamp": "2020-04-12T11:34:15.110Z",
        "symbol": "XBTUSD",
        "side": "Buy",
        "size": 2778,
        "price": 6877.5,
        "tickDirection": "ZeroPlusTick",
        "trdMatchID": "bf1c301e-f84b-43a4-6595-82206d62fbd1",
        "grossValue": 40392120,
        "homeNotional": 0.4039212,
        "foreignNotional": 2778
    },
    {
        "timestamp": "2020-04-12T11:34:15.110Z",
        "symbol": "XBTUSD",
        "side": "Buy",
        "size": 22,
        "price": 6877.5,
        "tickDirection": "ZeroPlusTick",
        "trdMatchID": "fff59712-dbb2-f394-000a-27d220510476",
        "grossValue": 319880,
        "homeNotional": 0.0031988,
        "foreignNotional": 22
    },
    {
        "timestamp": "2020-04-12T11:34:15.110Z",
        "symbol": "XBTUSD",
        "side": "Buy",
        "size": 1879,
        "price": 6877.5,
        "tickDirection": "PlusTick",
        "trdMatchID": "4bf45914-79f4-6593-e8be-e74fa55be408",
        "grossValue": 27320660,
        "homeNotional": 0.2732066,
        "foreignNotional": 1879
    },
    {
        "timestamp": "2020-04-12T11:34:14.919Z",
        "symbol": "XBTUSD",
        "side": "Sell",
        "size": 3000,
        "price": 6877,
        "tickDirection": "ZeroMinusTick",
        "trdMatchID": "4ca7b5c6-0a1c-557e-13ad-f410a34f587b",
        "grossValue": 43623000,
        "homeNotional": 0.43623,
        "foreignNotional": 3000
    },
    {
        "timestamp": "2020-04-12T11:34:14.433Z",
        "symbol": "XBTUSD",
        "side": "Sell",
        "size": 3000,
        "price": 6877,
        "tickDirection": "MinusTick",
        "trdMatchID": "64e5fce4-2938-e8d3-d101-53ebbdc694ac",
        "grossValue": 43623000,
        "homeNotional": 0.43623,
        "foreignNotional": 3000
    },
    {
        "timestamp": "2020-04-12T11:34:13.356Z",
        "symbol": "XBTUSD",
        "side": "Buy",
        "size": 81,
        "price": 6877.5,
        "tickDirection": "PlusTick",
        "trdMatchID": "7933f36c-913d-d4d8-73f1-696cd8f66101",
        "grossValue": 1177740,
        "homeNotional": 0.0117774,
        "foreignNotional": 81
    },
    {
        "timestamp": "2020-04-12T11:34:13.195Z",
        "symbol": "XBTUSD",
        "side": "Sell",
        "size": 5000,
        "price": 6877,
        "tickDirection": "ZeroMinusTick",
        "trdMatchID": "91bd796e-6911-cd69-e15a-66f318f18470",
        "grossValue": 72705000,
        "homeNotional": 0.72705,
        "foreignNotional": 5000
    },
    {
        "timestamp": "2020-04-12T11:34:13.158Z",
        "symbol": "XBTUSD",
        "side": "Sell",
        "size": 3000,
        "price": 6877,
        "tickDirection": "MinusTick",
        "trdMatchID": "73fc0645-7a76-78f7-76a7-27276ab9988a",
        "grossValue": 43623000,
        "homeNotional": 0.43623,
        "foreignNotional": 3000
    },
    {
        "timestamp": "2020-04-12T11:34:12.842Z",
        "symbol": "XBTUSD",
        "side": "Buy",
        "size": 40,
        "price": 6877.5,
        "tickDirection": "ZeroPlusTick",
        "trdMatchID": "a9e34646-727c-538a-274e-af935e38ce50",
        "grossValue": 581600,
        "homeNotional": 0.005816,
        "foreignNotional": 40
    },
    {
        "timestamp": "2020-04-12T11:34:12.842Z",
        "symbol": "XBTUSD",
        "side": "Buy",
        "size": 2,
        "price": 6877.5,
        "tickDirection": "ZeroPlusTick",
        "trdMatchID": "1f965c6c-f1a3-0bc2-8b4a-a303777a519b",
        "grossValue": 29080,
        "homeNotional": 0.0002908,
        "foreignNotional": 2
    },
    {
        "timestamp": "2020-04-12T11:34:12.842Z",
        "symbol": "XBTUSD",
        "side": "Buy",
        "size": 5250,
        "price": 6877.5,
        "tickDirection": "ZeroPlusTick",
        "trdMatchID": "c24b7c69-50fd-d058-ce1d-d1a8f3e9d2ff",
        "grossValue": 76335000,
        "homeNotional": 0.76335,
        "foreignNotional": 5250
    },
    {
        "timestamp": "2020-04-12T11:34:12.842Z",
        "symbol": "XBTUSD",
        "side": "Buy",
        "size": 4708,
        "price": 6877.5,
        "tickDirection": "PlusTick",
        "trdMatchID": "3b74c6ac-398f-3bae-bc77-a90716fa9a96",
        "grossValue": 68454320,
        "homeNotional": 0.6845432,
        "foreignNotional": 4708
    },
    {
        "timestamp": "2020-04-12T11:34:12.739Z",
        "symbol": "XBTUSD",
        "side": "Sell",
        "size": 11000,
        "price": 6877,
        "tickDirection": "ZeroMinusTick",
        "trdMatchID": "520874bf-2318-8ee6-391f-3ddc715e1327",
        "grossValue": 159951000,
        "homeNotional": 1.59951,
        "foreignNotional": 11000
    },
    {
        "timestamp": "2020-04-12T11:34:11.568Z",
        "symbol": "XBTUSD",
        "side": "Sell",
        "size": 6795,
        "price": 6877,
        "tickDirection": "ZeroMinusTick",
        "trdMatchID": "e0aa333d-9eea-bafc-4eb4-cf6ad0ec77cd",
        "grossValue": 98806095,
        "homeNotional": 0.98806095,
        "foreignNotional": 6795
    },
    {
        "timestamp": "2020-04-12T11:34:11.568Z",
        "symbol": "XBTUSD",
        "side": "Sell",
        "size": 605,
        "price": 6877,
        "tickDirection": "ZeroMinusTick",
        "trdMatchID": "d76c0d99-83e7-bf51-d448-ad4dd6f9125a",
        "grossValue": 8797305,
        "homeNotional": 0.08797305,
        "foreignNotional": 605
    },
    {
        "timestamp": "2020-04-12T11:34:11.167Z",
        "symbol": "XBTUSD",
        "side": "Sell",
        "size": 895,
        "price": 6877,
        "tickDirection": "ZeroMinusTick",
        "trdMatchID": "30991643-c628-e670-f30b-2ed423398d26",
        "grossValue": 13014195,
        "homeNotional": 0.13014195,
        "foreignNotional": 895
    },
    {
        "timestamp": "2020-04-12T11:34:11.167Z",
        "symbol": "XBTUSD",
        "side": "Sell",
        "size": 105,
        "price": 6877,
        "tickDirection": "MinusTick",
        "trdMatchID": "088bc0f3-a0ac-0948-2fd8-31251998bcf9",
        "grossValue": 1526805,
        "homeNotional": 0.01526805,
        "foreignNotional": 105
    },
    {
        "timestamp": "2020-04-12T11:34:11.082Z",
        "symbol": "XBTUSD",
        "side": "Buy",
        "size": 5,
        "price": 6877.5,
        "tickDirection": "PlusTick",
        "trdMatchID": "58e2ddda-8de4-7d29-3a38-bbcfe6ac1a7b",
        "grossValue": 72700,
        "homeNotional": 0.000727,
        "foreignNotional": 5
    },
    {
        "timestamp": "2020-04-12T11:34:10.915Z",
        "symbol": "XBTUSD",
        "side": "Sell",
        "size": 3000,
        "price": 6877,
        "tickDirection": "ZeroMinusTick",
        "trdMatchID": "7d762fd7-9357-dfb3-7bb0-d9af7de07895",
        "grossValue": 43623000,
        "homeNotional": 0.43623,
        "foreignNotional": 3000
    },
    {
        "timestamp": "2020-04-12T11:34:10.765Z",
        "symbol": "XBTUSD",
        "side": "Sell",
        "size": 1395,
        "price": 6877,
        "tickDirection": "ZeroMinusTick",
        "trdMatchID": "4f208761-71eb-432b-2f82-7fa55ac97e69",
        "grossValue": 20284695,
        "homeNotional": 0.20284695,
        "foreignNotional": 1395
    },
    {
        "timestamp": "2020-04-12T11:34:10.765Z",
        "symbol": "XBTUSD",
        "side": "Sell",
        "size": 3049,
        "price": 6877,
        "tickDirection": "ZeroMinusTick",
        "trdMatchID": "0c7d4adb-497c-18f7-28ef-8b54a2ce6668",
        "grossValue": 44335509,
        "homeNotional": 0.44335509,
        "foreignNotional": 3049
    },
    {
        "timestamp": "2020-04-12T11:34:10.700Z",
        "symbol": "XBTUSD",
        "side": "Sell",
        "size": 3000,
        "price": 6877,
        "tickDirection": "MinusTick",
        "trdMatchID": "32c2c89a-f67e-14fe-3626-83cdbfd70e8a",
        "grossValue": 43623000,
        "homeNotional": 0.43623,
        "foreignNotional": 3000
    },
    {
        "timestamp": "2020-04-12T11:34:10.624Z",
        "symbol": "XBTUSD",
        "side": "Buy",
        "size": 250,
        "price": 6877.5,
        "tickDirection": "ZeroPlusTick",
        "trdMatchID": "044bc011-ccb6-c7c0-5afc-a20b54aa3152",
        "grossValue": 3635000,
        "homeNotional": 0.03635,
        "foreignNotional": 250
    },
    {
        "timestamp": "2020-04-12T11:34:10.082Z",
        "symbol": "XBTUSD",
        "side": "Buy",
        "size": 287,
        "price": 6877.5,
        "tickDirection": "ZeroPlusTick",
        "trdMatchID": "6281a45a-996d-bd95-5939-a6edea5f8d2d",
        "grossValue": 4172980,
        "homeNotional": 0.0417298,
        "foreignNotional": 287
    },
    {
        "timestamp": "2020-04-12T11:34:10.082Z",
        "symbol": "XBTUSD",
        "side": "Buy",
        "size": 10,
        "price": 6877.5,
        "tickDirection": "ZeroPlusTick",
        "trdMatchID": "e7dc746a-9377-1b4f-9ccc-20de97b9bf47",
        "grossValue": 145400,
        "homeNotional": 0.001454,
        "foreignNotional": 10
    },
    {
        "timestamp": "2020-04-12T11:34:10.082Z",
        "symbol": "XBTUSD",
        "side": "Buy",
        "size": 703,
        "price": 6877.5,
        "tickDirection": "PlusTick",
        "trdMatchID": "5fa2eeeb-1fc5-4c0d-4840-43b9a4fcfbb3",
        "grossValue": 10221620,
        "homeNotional": 0.1022162,
        "foreignNotional": 703
    },
    {
        "timestamp": "2020-04-12T11:34:09.840Z",
        "symbol": "XBTUSD",
        "side": "Sell",
        "size": 250,
        "price": 6877,
        "tickDirection": "MinusTick",
        "trdMatchID": "4bbcd986-cf8f-5d80-67be-3642afd18fd0",
        "grossValue": 3635250,
        "homeNotional": 0.0363525,
        "foreignNotional": 250
    },
    {
        "timestamp": "2020-04-12T11:34:09.828Z",
        "symbol": "XBTUSD",
        "side": "Buy",
        "size": 550,
        "price": 6877.5,
        "tickDirection": "ZeroPlusTick",
        "trdMatchID": "fb7de290-ca28-970b-ba1d-aa02543144be",
        "grossValue": 7997000,
        "homeNotional": 0.07997,
        "foreignNotional": 550
    },
    {
        "timestamp": "2020-04-12T11:34:09.588Z",
        "symbol": "XBTUSD",
        "side": "Buy",
        "size": 111,
        "price": 6877.5,
        "tickDirection": "PlusTick",
        "trdMatchID": "1d1e7278-5f94-8195-f55f-da255023c07a",
        "grossValue": 1613940,
        "homeNotional": 0.0161394,
        "foreignNotional": 111
    },
    {
        "timestamp": "2020-04-12T11:34:09.561Z",
        "symbol": "XBTUSD",
        "side": "Sell",
        "size": 10,
        "price": 6877,
        "tickDirection": "ZeroMinusTick",
        "trdMatchID": "4183260a-bcda-0b9a-cce6-3c64d3238133",
        "grossValue": 145410,
        "homeNotional": 0.0014541,
        "foreignNotional": 10
    },
    {
        "timestamp": "2020-04-12T11:34:09.545Z",
        "symbol": "XBTUSD",
        "side": "Sell",
        "size": 2000,
        "price": 6877,
        "tickDirection": "ZeroMinusTick",
        "trdMatchID": "08030f05-cf4c-3f13-859b-b257a80cdd22",
        "grossValue": 29082000,
        "homeNotional": 0.29082,
        "foreignNotional": 2000
    },
    {
        "timestamp": "2020-04-12T11:34:09.469Z",
        "symbol": "XBTUSD",
        "side": "Sell",
        "size": 500,
        "price": 6877,
        "tickDirection": "MinusTick",
        "trdMatchID": "096b930a-c412-198f-a692-38c7073db086",
        "grossValue": 7270500,
        "homeNotional": 0.072705,
        "foreignNotional": 500
    },
    {
        "timestamp": "2020-04-12T11:34:09.015Z",
        "symbol": "XBTUSD",
        "side": "Buy",
        "size": 1000,
        "price": 6877.5,
        "tickDirection": "PlusTick",
        "trdMatchID": "35203751-9eba-a243-388e-420bc1f439e4",
        "grossValue": 14540000,
        "homeNotional": 0.1454,
        "foreignNotional": 1000
    },
    {
        "timestamp": "2020-04-12T11:34:08.982Z",
        "symbol": "XBTUSD",
        "side": "Sell",
        "size": 2300,
        "price": 6877,
        "tickDirection": "MinusTick",
        "trdMatchID": "0f65d0cb-8ecf-64ca-21cc-fcb5510987d6",
        "grossValue": 33444300,
        "homeNotional": 0.334443,
        "foreignNotional": 2300
    },
    {
        "timestamp": "2020-04-12T11:34:08.851Z",
        "symbol": "XBTUSD",
        "side": "Buy",
        "size": 2553,
        "price": 6877.5,
        "tickDirection": "ZeroPlusTick",
        "trdMatchID": "b1024bef-9345-a79a-adf0-7be52b97b0a6",
        "grossValue": 37120620,
        "homeNotional": 0.3712062,
        "foreignNotional": 2553
    },
    {
        "timestamp": "2020-04-12T11:34:08.851Z",
        "symbol": "XBTUSD",
        "side": "Buy",
        "size": 15000,
        "price": 6877.5,
        "tickDirection": "ZeroPlusTick",
        "trdMatchID": "d3873f77-be47-49de-ae84-357f141e217a",
        "grossValue": 218100000,
        "homeNotional": 2.181,
        "foreignNotional": 15000
    },
    {
        "timestamp": "2020-04-12T11:34:08.851Z",
        "symbol": "XBTUSD",
        "side": "Buy",
        "size": 15000,
        "price": 6877.5,
        "tickDirection": "ZeroPlusTick",
        "trdMatchID": "5c15c50a-e60a-c5a0-be51-e0c65e8290ec",
        "grossValue": 218100000,
        "homeNotional": 2.181,
        "foreignNotional": 15000
    },
    {
        "timestamp": "2020-04-12T11:34:08.851Z",
        "symbol": "XBTUSD",
        "side": "Buy",
        "size": 15000,
        "price": 6877.5,
        "tickDirection": "ZeroPlusTick",
        "trdMatchID": "41ff6655-5ab1-ad8a-3b4e-216126c5c3b4",
        "grossValue": 218100000,
        "homeNotional": 2.181,
        "foreignNotional": 15000
    },
    {
        "timestamp": "2020-04-12T11:34:08.851Z",
        "symbol": "XBTUSD",
        "side": "Buy",
        "size": 2005,
        "price": 6877.5,
        "tickDirection": "ZeroPlusTick",
        "trdMatchID": "7e05b602-f05c-e997-82ac-1860268e893f",
        "grossValue": 29152700,
        "homeNotional": 0.291527,
        "foreignNotional": 2005
    },
    {
        "timestamp": "2020-04-12T11:34:08.851Z",
        "symbol": "XBTUSD",
        "side": "Buy",
        "size": 10,
        "price": 6877.5,
        "tickDirection": "ZeroPlusTick",
        "trdMatchID": "a72f3874-6dbf-213d-26ad-18e473b45330",
        "grossValue": 145400,
        "homeNotional": 0.001454,
        "foreignNotional": 10
    },
    {
        "timestamp": "2020-04-12T11:34:08.851Z",
        "symbol": "XBTUSD",
        "side": "Buy",
        "size": 2005,
        "price": 6877.5,
        "tickDirection": "ZeroPlusTick",
        "trdMatchID": "9c68ba5a-a16c-a13b-0b15-373846b33220",
        "grossValue": 29152700,
        "homeNotional": 0.291527,
        "foreignNotional": 2005
    },
    {
        "timestamp": "2020-04-12T11:34:08.851Z",
        "symbol": "XBTUSD",
        "side": "Buy",
        "size": 17,
        "price": 6877.5,
        "tickDirection": "ZeroPlusTick",
        "trdMatchID": "85bf9dda-ad54-d65b-aaf8-18866148a6b3",
        "grossValue": 247180,
        "homeNotional": 0.0024718,
        "foreignNotional": 17
    },
    {
        "timestamp": "2020-04-12T11:34:08.851Z",
        "symbol": "XBTUSD",
        "side": "Buy",
        "size": 40022,
        "price": 6877.5,
        "tickDirection": "ZeroPlusTick",
        "trdMatchID": "f3923e62-bb7c-969d-cc44-f139026abeac",
        "grossValue": 581919880,
        "homeNotional": 5.8191988,
        "foreignNotional": 40022
    },
    {
        "timestamp": "2020-04-12T11:34:08.851Z",
        "symbol": "XBTUSD",
        "side": "Buy",
        "size": 3000,
        "price": 6877.5,
        "tickDirection": "ZeroPlusTick",
        "trdMatchID": "17c0b0ae-298c-d5fc-9237-e7e51f705eca",
        "grossValue": 43620000,
        "homeNotional": 0.4362,
        "foreignNotional": 3000
    },
    {
        "timestamp": "2020-04-12T11:34:08.851Z",
        "symbol": "XBTUSD",
        "side": "Buy",
        "size": 39,
        "price": 6877.5,
        "tickDirection": "ZeroPlusTick",
        "trdMatchID": "6ce3e5ff-49a3-7611-463b-c019b9d69a99",
        "grossValue": 567060,
        "homeNotional": 0.0056706,
        "foreignNotional": 39
    },
    {
        "timestamp": "2020-04-12T11:34:08.851Z",
        "symbol": "XBTUSD",
        "side": "Buy",
        "size": 12000,
        "price": 6877.5,
        "tickDirection": "ZeroPlusTick",
        "trdMatchID": "0fa6e7af-d13d-c64b-eca4-70d7ba22ae87",
        "grossValue": 174480000,
        "homeNotional": 1.7448,
        "foreignNotional": 12000
    },
    {
        "timestamp": "2020-04-12T11:34:08.851Z",
        "symbol": "XBTUSD",
        "side": "Buy",
        "size": 1500,
        "price": 6877.5,
        "tickDirection": "ZeroPlusTick",
        "trdMatchID": "9c4da58a-9d05-67b3-61c4-74d3dae5c75f",
        "grossValue": 21810000,
        "homeNotional": 0.2181,
        "foreignNotional": 1500
    },
    {
        "timestamp": "2020-04-12T11:34:08.851Z",
        "symbol": "XBTUSD",
        "side": "Buy",
        "size": 990,
        "price": 6877.5,
        "tickDirection": "ZeroPlusTick",
        "trdMatchID": "79075c9c-dfae-ce03-bda1-b2c71769270a",
        "grossValue": 14394600,
        "homeNotional": 0.143946,
        "foreignNotional": 990
    },
    {
        "timestamp": "2020-04-12T11:34:08.851Z",
        "symbol": "XBTUSD",
        "side": "Buy",
        "size": 3000,
        "price": 6877.5,
        "tickDirection": "ZeroPlusTick",
        "trdMatchID": "8a4ebd1d-de67-e68b-f23e-1cd227f4663c",
        "grossValue": 43620000,
        "homeNotional": 0.4362,
        "foreignNotional": 3000
    },
    {
        "timestamp": "2020-04-12T11:34:08.851Z",
        "symbol": "XBTUSD",
        "side": "Buy",
        "size": 1500,
        "price": 6877.5,
        "tickDirection": "ZeroPlusTick",
        "trdMatchID": "80e7f58e-0294-e1ba-350c-ed863777a010",
        "grossValue": 21810000,
        "homeNotional": 0.2181,
        "foreignNotional": 1500
    },
    {
        "timestamp": "2020-04-12T11:34:08.851Z",
        "symbol": "XBTUSD",
        "side": "Buy",
        "size": 990,
        "price": 6877.5,
        "tickDirection": "ZeroPlusTick",
        "trdMatchID": "614c0668-9f96-205a-aaa0-ce317eda5580",
        "grossValue": 14394600,
        "homeNotional": 0.143946,
        "foreignNotional": 990
    },
    {
        "timestamp": "2020-04-12T11:34:08.851Z",
        "symbol": "XBTUSD",
        "side": "Buy",
        "size": 1500,
        "price": 6877.5,
        "tickDirection": "ZeroPlusTick",
        "trdMatchID": "46330b30-8d31-aa0e-2518-d4be2cb7398d",
        "grossValue": 21810000,
        "homeNotional": 0.2181,
        "foreignNotional": 1500
    },
    {
        "timestamp": "2020-04-12T11:34:08.851Z",
        "symbol": "XBTUSD",
        "side": "Buy",
        "size": 990,
        "price": 6877.5,
        "tickDirection": "ZeroPlusTick",
        "trdMatchID": "6ebeea7d-0ada-21d4-6d13-90d8f31bb94a",
        "grossValue": 14394600,
        "homeNotional": 0.143946,
        "foreignNotional": 990
    },
    {
        "timestamp": "2020-04-12T11:34:08.851Z",
        "symbol": "XBTUSD",
        "side": "Buy",
        "size": 990,
        "price": 6877.5,
        "tickDirection": "ZeroPlusTick",
        "trdMatchID": "3ed46670-c45a-f293-8b2f-a90d5ef6c6fd",
        "grossValue": 14394600,
        "homeNotional": 0.143946,
        "foreignNotional": 990
    },
    {
        "timestamp": "2020-04-12T11:34:08.851Z",
        "symbol": "XBTUSD",
        "side": "Buy",
        "size": 1500,
        "price": 6877.5,
        "tickDirection": "ZeroPlusTick",
        "trdMatchID": "00dee413-8a94-5594-1964-15b29c46492e",
        "grossValue": 21810000,
        "homeNotional": 0.2181,
        "foreignNotional": 1500
    },
    {
        "timestamp": "2020-04-12T11:34:08.851Z",
        "symbol": "XBTUSD",
        "side": "Buy",
        "size": 990,
        "price": 6877.5,
        "tickDirection": "ZeroPlusTick",
        "trdMatchID": "b4850183-c701-f0c1-e91c-56d54dbfac4d",
        "grossValue": 14394600,
        "homeNotional": 0.143946,
        "foreignNotional": 990
    },
    {
        "timestamp": "2020-04-12T11:34:08.851Z",
        "symbol": "XBTUSD",
        "side": "Buy",
        "size": 1500,
        "price": 6877.5,
        "tickDirection": "ZeroPlusTick",
        "trdMatchID": "42613354-0877-12b8-367d-e1ce91051ed2",
        "grossValue": 21810000,
        "homeNotional": 0.2181,
        "foreignNotional": 1500
    },
    {
        "timestamp": "2020-04-12T11:34:08.851Z",
        "symbol": "XBTUSD",
        "side": "Buy",
        "size": 4500,
        "price": 6877.5,
        "tickDirection": "ZeroPlusTick",
        "trdMatchID": "b487074d-32b5-bb8b-e570-26ab541768e1",
        "grossValue": 65430000,
        "homeNotional": 0.6543,
        "foreignNotional": 4500
    },
    {
        "timestamp": "2020-04-12T11:34:08.851Z",
        "symbol": "XBTUSD",
        "side": "Buy",
        "size": 1500,
        "price": 6877.5,
        "tickDirection": "ZeroPlusTick",
        "trdMatchID": "b18e6437-2a2f-ea2e-5160-39fd444cd706",
        "grossValue": 21810000,
        "homeNotional": 0.2181,
        "foreignNotional": 1500
    },
    {
        "timestamp": "2020-04-12T11:34:08.851Z",
        "symbol": "XBTUSD",
        "side": "Buy",
        "size": 990,
        "price": 6877.5,
        "tickDirection": "ZeroPlusTick",
        "trdMatchID": "462027c2-c979-db98-ad0d-584f83b55261",
        "grossValue": 14394600,
        "homeNotional": 0.143946,
        "foreignNotional": 990
    },
    {
        "timestamp": "2020-04-12T11:34:08.851Z",
        "symbol": "XBTUSD",
        "side": "Buy",
        "size": 1500,
        "price": 6877.5,
        "tickDirection": "ZeroPlusTick",
        "trdMatchID": "bf48da41-691a-d0af-cb0a-7541b1e82a0c",
        "grossValue": 21810000,
        "homeNotional": 0.2181,
        "foreignNotional": 1500
    },
    {
        "timestamp": "2020-04-12T11:34:08.851Z",
        "symbol": "XBTUSD",
        "side": "Buy",
        "size": 4500,
        "price": 6877.5,
        "tickDirection": "ZeroPlusTick",
        "trdMatchID": "b59198a2-9328-064c-f507-2eeab585c017",
        "grossValue": 65430000,
        "homeNotional": 0.6543,
        "foreignNotional": 4500
    },
    {
        "timestamp": "2020-04-12T11:34:08.851Z",
        "symbol": "XBTUSD",
        "side": "Buy",
        "size": 15990,
        "price": 6877.5,
        "tickDirection": "ZeroPlusTick",
        "trdMatchID": "60b62a4f-c259-a247-b74a-1aaed77b1231",
        "grossValue": 232494600,
        "homeNotional": 2.324946,
        "foreignNotional": 15990
    },
    {
        "timestamp": "2020-04-12T11:34:08.851Z",
        "symbol": "XBTUSD",
        "side": "Buy",
        "size": 990,
        "price": 6877.5,
        "tickDirection": "ZeroPlusTick",
        "trdMatchID": "7e44e143-4400-82f6-10c0-9c6112650a54",
        "grossValue": 14394600,
        "homeNotional": 0.143946,
        "foreignNotional": 990
    },
    {
        "timestamp": "2020-04-12T11:34:08.851Z",
        "symbol": "XBTUSD",
        "side": "Buy",
        "size": 990,
        "price": 6877.5,
        "tickDirection": "ZeroPlusTick",
        "trdMatchID": "004c42f0-08e4-9cc8-5f87-838f5186e5fd",
        "grossValue": 14394600,
        "homeNotional": 0.143946,
        "foreignNotional": 990
    },
    {
        "timestamp": "2020-04-12T11:34:08.851Z",
        "symbol": "XBTUSD",
        "side": "Buy",
        "size": 990,
        "price": 6877.5,
        "tickDirection": "ZeroPlusTick",
        "trdMatchID": "f9610a21-e3e7-e768-d8a3-620930835f34",
        "grossValue": 14394600,
        "homeNotional": 0.143946,
        "foreignNotional": 990
    },
    {
        "timestamp": "2020-04-12T11:34:08.851Z",
        "symbol": "XBTUSD",
        "side": "Buy",
        "size": 1500,
        "price": 6877.5,
        "tickDirection": "ZeroPlusTick",
        "trdMatchID": "f037aed0-731b-78af-4d15-efed9abd026a",
        "grossValue": 21810000,
        "homeNotional": 0.2181,
        "foreignNotional": 1500
    },
    {
        "timestamp": "2020-04-12T11:34:08.851Z",
        "symbol": "XBTUSD",
        "side": "Buy",
        "size": 4500,
        "price": 6877.5,
        "tickDirection": "ZeroPlusTick",
        "trdMatchID": "6e931361-4363-8cd7-6e7f-2e5fa3017563",
        "grossValue": 65430000,
        "homeNotional": 0.6543,
        "foreignNotional": 4500
    },
    {
        "timestamp": "2020-04-12T11:34:08.851Z",
        "symbol": "XBTUSD",
        "side": "Buy",
        "size": 1500,
        "price": 6877.5,
        "tickDirection": "ZeroPlusTick",
        "trdMatchID": "b682ba85-869f-ddb5-c6a1-1433b0ddcb99",
        "grossValue": 21810000,
        "homeNotional": 0.2181,
        "foreignNotional": 1500
    },
    {
        "timestamp": "2020-04-12T11:34:08.851Z",
        "symbol": "XBTUSD",
        "side": "Buy",
        "size": 1500,
        "price": 6877.5,
        "tickDirection": "ZeroPlusTick",
        "trdMatchID": "1cb1c573-3d0b-d77f-b561-7da0a609626b",
        "grossValue": 21810000,
        "homeNotional": 0.2181,
        "foreignNotional": 1500
    },
    {
        "timestamp": "2020-04-12T11:34:08.851Z",
        "symbol": "XBTUSD",
        "side": "Buy",
        "size": 1500,
        "price": 6877.5,
        "tickDirection": "ZeroPlusTick",
        "trdMatchID": "40f2f290-9f6e-6aea-394e-3d173226415c",
        "grossValue": 21810000,
        "homeNotional": 0.2181,
        "foreignNotional": 1500
    },
    {
        "timestamp": "2020-04-12T11:34:08.851Z",
        "symbol": "XBTUSD",
        "side": "Buy",
        "size": 1500,
        "price": 6877.5,
        "tickDirection": "ZeroPlusTick",
        "trdMatchID": "4e44fb32-3dcb-f59e-d243-3f1f72d5829a",
        "grossValue": 21810000,
        "homeNotional": 0.2181,
        "foreignNotional": 1500
    },
    {
        "timestamp": "2020-04-12T11:34:08.851Z",
        "symbol": "XBTUSD",
        "side": "Buy",
        "size": 1500,
        "price": 6877.5,
        "tickDirection": "ZeroPlusTick",
        "trdMatchID": "085ec0c5-c2d4-4c7d-73a2-b9935f708fed",
        "grossValue": 21810000,
        "homeNotional": 0.2181,
        "foreignNotional": 1500
    },
    {
        "timestamp": "2020-04-12T11:34:08.851Z",
        "symbol": "XBTUSD",
        "side": "Buy",
        "size": 990,
        "price": 6877.5,
        "tickDirection": "ZeroPlusTick",
        "trdMatchID": "2cb7beda-7381-1aec-3f18-0ef23ef1edac",
        "grossValue": 14394600,
        "homeNotional": 0.143946,
        "foreignNotional": 990
    },
    {
        "timestamp": "2020-04-12T11:34:08.851Z",
        "symbol": "XBTUSD",
        "side": "Buy",
        "size": 990,
        "price": 6877.5,
        "tickDirection": "ZeroPlusTick",
        "trdMatchID": "bdca8858-5f40-ec22-5f4f-bd445ed93895",
        "grossValue": 14394600,
        "homeNotional": 0.143946,
        "foreignNotional": 990
    },
    {
        "timestamp": "2020-04-12T11:34:08.851Z",
        "symbol": "XBTUSD",
        "side": "Buy",
        "size": 990,
        "price": 6877.5,
        "tickDirection": "ZeroPlusTick",
        "trdMatchID": "10e33edd-e187-16b8-ad3a-d35d62c96393",
        "grossValue": 14394600,
        "homeNotional": 0.143946,
        "foreignNotional": 990
    },
    {
        "timestamp": "2020-04-12T11:34:08.851Z",
        "symbol": "XBTUSD",
        "side": "Buy",
        "size": 990,
        "price": 6877.5,
        "tickDirection": "ZeroPlusTick",
        "trdMatchID": "038e8a91-f277-75ce-a1ce-16d041b97c2d",
        "grossValue": 14394600,
        "homeNotional": 0.143946,
        "foreignNotional": 990
    },
    {
        "timestamp": "2020-04-12T11:34:08.851Z",
        "symbol": "XBTUSD",
        "side": "Buy",
        "size": 7,
        "price": 6877.5,
        "tickDirection": "ZeroPlusTick",
        "trdMatchID": "0a492428-9bd1-3805-7ff6-9dba41fb56dd",
        "grossValue": 101780,
        "homeNotional": 0.0010178,
        "foreignNotional": 7
    },
    {
        "timestamp": "2020-04-12T11:34:08.851Z",
        "symbol": "XBTUSD",
        "side": "Buy",
        "size": 1500,
        "price": 6877.5,
        "tickDirection": "ZeroPlusTick",
        "trdMatchID": "2d7ca085-a526-b8f3-ab53-d8c10df2138b",
        "grossValue": 21810000,
        "homeNotional": 0.2181,
        "foreignNotional": 1500
    },
    {
        "timestamp": "2020-04-12T11:34:08.851Z",
        "symbol": "XBTUSD",
        "side": "Buy",
        "size": 4500,
        "price": 6877.5,
        "tickDirection": "ZeroPlusTick",
        "trdMatchID": "15e3f50a-1cd0-5d7d-1eef-53c18826c241",
        "grossValue": 65430000,
        "homeNotional": 0.6543,
        "foreignNotional": 4500
    },
    {
        "timestamp": "2020-04-12T11:34:08.851Z",
        "symbol": "XBTUSD",
        "side": "Buy",
        "size": 2005,
        "price": 6877.5,
        "tickDirection": "ZeroPlusTick",
        "trdMatchID": "f628c879-5313-3091-30c7-62d14e641853",
        "grossValue": 29152700,
        "homeNotional": 0.291527,
        "foreignNotional": 2005
    },
    {
        "timestamp": "2020-04-12T11:34:08.851Z",
        "symbol": "XBTUSD",
        "side": "Buy",
        "size": 2005,
        "price": 6877.5,
        "tickDirection": "ZeroPlusTick",
        "trdMatchID": "df68af2f-0ff7-881c-7d6b-ae4eeb087635",
        "grossValue": 29152700,
        "homeNotional": 0.291527,
        "foreignNotional": 2005
    },
    {
        "timestamp": "2020-04-12T11:34:08.851Z",
        "symbol": "XBTUSD",
        "side": "Buy",
        "size": 990,
        "price": 6877.5,
        "tickDirection": "ZeroPlusTick",
        "trdMatchID": "70d5665d-4969-0d1a-6f17-05349bc9bf34",
        "grossValue": 14394600,
        "homeNotional": 0.143946,
        "foreignNotional": 990
    },
    {
        "timestamp": "2020-04-12T11:34:08.851Z",
        "symbol": "XBTUSD",
        "side": "Buy",
        "size": 3931,
        "price": 6877.5,
        "tickDirection": "ZeroPlusTick",
        "trdMatchID": "8e0cd0d2-5ddc-becd-824e-d9b9265110be",
        "grossValue": 57156740,
        "homeNotional": 0.5715674,
        "foreignNotional": 3931
    },
    {
        "timestamp": "2020-04-12T11:34:08.851Z",
        "symbol": "XBTUSD",
        "side": "Buy",
        "size": 25000,
        "price": 6877.5,
        "tickDirection": "ZeroPlusTick",
        "trdMatchID": "68454f97-4f5e-b3d3-c025-c5d9e7653899",
        "grossValue": 363500000,
        "homeNotional": 3.635,
        "foreignNotional": 25000
    },
    {
        "timestamp": "2020-04-12T11:34:08.851Z",
        "symbol": "XBTUSD",
        "side": "Buy",
        "size": 24022,
        "price": 6877.5,
        "tickDirection": "ZeroPlusTick",
        "trdMatchID": "8cee1da6-1afe-57a6-a4c5-63870ae17095",
        "grossValue": 349279880,
        "homeNotional": 3.4927988,
        "foreignNotional": 24022
    },
    {
        "timestamp": "2020-04-12T11:34:08.851Z",
        "symbol": "XBTUSD",
        "side": "Buy",
        "size": 44022,
        "price": 6877.5,
        "tickDirection": "ZeroPlusTick",
        "trdMatchID": "430b9109-06f4-9f7f-f7e8-9ccd359af95c",
        "grossValue": 640079880,
        "homeNotional": 6.4007988,
        "foreignNotional": 44022
    },
    {
        "timestamp": "2020-04-12T11:34:08.851Z",
        "symbol": "XBTUSD",
        "side": "Buy",
        "size": 999,
        "price": 6877.5,
        "tickDirection": "ZeroPlusTick",
        "trdMatchID": "663c943d-abf7-bec2-0638-aae2e6699405",
        "grossValue": 14525460,
        "homeNotional": 0.1452546,
        "foreignNotional": 999
    },
    {
        "timestamp": "2020-04-12T11:34:08.851Z",
        "symbol": "XBTUSD",
        "side": "Buy",
        "size": 80,
        "price": 6877.5,
        "tickDirection": "ZeroPlusTick",
        "trdMatchID": "8f16b9b7-cb32-cee7-a267-215b93bc4c73",
        "grossValue": 1163200,
        "homeNotional": 0.011632,
        "foreignNotional": 80
    },
    {
        "timestamp": "2020-04-12T11:34:08.851Z",
        "symbol": "XBTUSD",
        "side": "Buy",
        "size": 13995,
        "price": 6877.5,
        "tickDirection": "ZeroPlusTick",
        "trdMatchID": "9a242803-0b8e-1913-7d6f-09e7132c76dd",
        "grossValue": 203487300,
        "homeNotional": 2.034873,
        "foreignNotional": 13995
    },
    {
        "timestamp": "2020-04-12T11:34:08.851Z",
        "symbol": "XBTUSD",
        "side": "Buy",
        "size": 720,
        "price": 6877.5,
        "tickDirection": "ZeroPlusTick",
        "trdMatchID": "47f01cac-fbb0-3960-6e32-77e8fc06167f",
        "grossValue": 10468800,
        "homeNotional": 0.104688,
        "foreignNotional": 720
    },
    {
        "timestamp": "2020-04-12T11:34:08.851Z",
        "symbol": "XBTUSD",
        "side": "Buy",
        "size": 50000,
        "price": 6877.5,
        "tickDirection": "ZeroPlusTick",
        "trdMatchID": "450e0cf7-7c5f-f898-abc2-14c9a9b17e0f",
        "grossValue": 727000000,
        "homeNotional": 7.27,
        "foreignNotional": 50000
    },
    {
        "timestamp": "2020-04-12T11:34:08.851Z",
        "symbol": "XBTUSD",
        "side": "Buy",
        "size": 2000,
        "price": 6877.5,
        "tickDirection": "ZeroPlusTick",
        "trdMatchID": "59675d26-2cc0-1e66-2232-f2d7682bdceb",
        "grossValue": 29080000,
        "homeNotional": 0.2908,
        "foreignNotional": 2000
    },
    {
        "timestamp": "2020-04-12T11:34:08.851Z",
        "symbol": "XBTUSD",
        "side": "Buy",
        "size": 13755,
        "price": 6877.5,
        "tickDirection": "ZeroPlusTick",
        "trdMatchID": "de949c0a-bb43-2d95-5375-71858a6e7f9f",
        "grossValue": 199997700,
        "homeNotional": 1.999977,
        "foreignNotional": 13755
    },
    {
        "timestamp": "2020-04-12T11:34:08.851Z",
        "symbol": "XBTUSD",
        "side": "Buy",
        "size": 44022,
        "price": 6877.5,
        "tickDirection": "ZeroPlusTick",
        "trdMatchID": "ac88fe3d-85cb-fd72-191d-bd9cb62562da",
        "grossValue": 640079880,
        "homeNotional": 6.4007988,
        "foreignNotional": 44022
    },
    {
        "timestamp": "2020-04-12T11:34:08.851Z",
        "symbol": "XBTUSD",
        "side": "Buy",
        "size": 2000,
        "price": 6877.5,
        "tickDirection": "ZeroPlusTick",
        "trdMatchID": "6b1c3ea5-5344-8121-be13-20ab24320643",
        "grossValue": 29080000,
        "homeNotional": 0.2908,
        "foreignNotional": 2000
    },
    {
        "timestamp": "2020-04-12T11:34:08.851Z",
        "symbol": "XBTUSD",
        "side": "Buy",
        "size": 2000,
        "price": 6877.5,
        "tickDirection": "ZeroPlusTick",
        "trdMatchID": "ed13e7a4-fc39-e19f-390c-4e80bd772eda",
        "grossValue": 29080000,
        "homeNotional": 0.2908,
        "foreignNotional": 2000
    },
    {
        "timestamp": "2020-04-12T11:34:08.851Z",
        "symbol": "XBTUSD",
        "side": "Buy",
        "size": 13755,
        "price": 6877.5,
        "tickDirection": "ZeroPlusTick",
        "trdMatchID": "e83743ea-55eb-5ffb-ead7-1c0ec2b54917",
        "grossValue": 199997700,
        "homeNotional": 1.999977,
        "foreignNotional": 13755
    },
    {
        "timestamp": "2020-04-12T11:34:08.851Z",
        "symbol": "XBTUSD",
        "side": "Buy",
        "size": 2200,
        "price": 6877.5,
        "tickDirection": "ZeroPlusTick",
        "trdMatchID": "ea6e44f1-0ddc-9a88-8670-432f500a8a5f",
        "grossValue": 31988000,
        "homeNotional": 0.31988,
        "foreignNotional": 2200
    },
    {
        "timestamp": "2020-04-12T11:34:08.851Z",
        "symbol": "XBTUSD",
        "side": "Buy",
        "size": 13755,
        "price": 6877.5,
        "tickDirection": "ZeroPlusTick",
        "trdMatchID": "7e4b998b-504d-e689-bc1d-153efcc76794",
        "grossValue": 199997700,
        "homeNotional": 1.999977,
        "foreignNotional": 13755
    },
    {
        "timestamp": "2020-04-12T11:34:08.851Z",
        "symbol": "XBTUSD",
        "side": "Buy",
        "size": 2000,
        "price": 6877.5,
        "tickDirection": "ZeroPlusTick",
        "trdMatchID": "8847d932-45b4-7a06-3547-b96413f08863",
        "grossValue": 29080000,
        "homeNotional": 0.2908,
        "foreignNotional": 2000
    },
    {
        "timestamp": "2020-04-12T11:34:08.851Z",
        "symbol": "XBTUSD",
        "side": "Buy",
        "size": 13755,
        "price": 6877.5,
        "tickDirection": "ZeroPlusTick",
        "trdMatchID": "667dd206-0e3d-af78-d10a-a0f31598b330",
        "grossValue": 199997700,
        "homeNotional": 1.999977,
        "foreignNotional": 13755
    },
    {
        "timestamp": "2020-04-12T11:34:08.851Z",
        "symbol": "XBTUSD",
        "side": "Buy",
        "size": 4000,
        "price": 6877.5,
        "tickDirection": "ZeroPlusTick",
        "trdMatchID": "e7a704c9-62a3-ef34-bd08-6c97f09528f9",
        "grossValue": 58160000,
        "homeNotional": 0.5816,
        "foreignNotional": 4000
    },
    {
        "timestamp": "2020-04-12T11:34:08.851Z",
        "symbol": "XBTUSD",
        "side": "Buy",
        "size": 13755,
        "price": 6877.5,
        "tickDirection": "ZeroPlusTick",
        "trdMatchID": "0dc28029-cf6b-1d45-fc7f-4ec05c04fae6",
        "grossValue": 199997700,
        "homeNotional": 1.999977,
        "foreignNotional": 13755
    },
    {
        "timestamp": "2020-04-12T11:34:08.851Z",
        "symbol": "XBTUSD",
        "side": "Buy",
        "size": 3000,
        "price": 6877.5,
        "tickDirection": "ZeroPlusTick",
        "trdMatchID": "50f3a2ca-2eea-43be-3305-c92b42d2c570",
        "grossValue": 43620000,
        "homeNotional": 0.4362,
        "foreignNotional": 3000
    },
    {
        "timestamp": "2020-04-12T11:34:08.851Z",
        "symbol": "XBTUSD",
        "side": "Buy",
        "size": 3000,
        "price": 6877.5,
        "tickDirection": "ZeroPlusTick",
        "trdMatchID": "2402c3ff-7f9a-7ae3-4602-507d4f0422e6",
        "grossValue": 43620000,
        "homeNotional": 0.4362,
        "foreignNotional": 3000
    },
    {
        "timestamp": "2020-04-12T11:34:08.851Z",
        "symbol": "XBTUSD",
        "side": "Buy",
        "size": 3000,
        "price": 6877.5,
        "tickDirection": "ZeroPlusTick",
        "trdMatchID": "e9549e2f-c853-e8ab-d2f5-041da2549d87",
        "grossValue": 43620000,
        "homeNotional": 0.4362,
        "foreignNotional": 3000
    },
    {
        "timestamp": "2020-04-12T11:34:08.851Z",
        "symbol": "XBTUSD",
        "side": "Buy",
        "size": 39,
        "price": 6877.5,
        "tickDirection": "ZeroPlusTick",
        "trdMatchID": "d59322f2-f778-a7bf-ca7f-1514594cba78",
        "grossValue": 567060,
        "homeNotional": 0.0056706,
        "foreignNotional": 39
    },
    {
        "timestamp": "2020-04-12T11:34:08.851Z",
        "symbol": "XBTUSD",
        "side": "Buy",
        "size": 20,
        "price": 6877.5,
        "tickDirection": "ZeroPlusTick",
        "trdMatchID": "99b25510-48bf-7b88-8da7-a933991e4e8d",
        "grossValue": 290800,
        "homeNotional": 0.002908,
        "foreignNotional": 20
    },
    {
        "timestamp": "2020-04-12T11:34:08.851Z",
        "symbol": "XBTUSD",
        "side": "Buy",
        "size": 30,
        "price": 6877.5,
        "tickDirection": "ZeroPlusTick",
        "trdMatchID": "8b087f73-8eba-ec5a-b822-f34bbd5cf509",
        "grossValue": 436200,
        "homeNotional": 0.004362,
        "foreignNotional": 30
    },
    {
        "timestamp": "2020-04-12T11:34:08.851Z",
        "symbol": "XBTUSD",
        "side": "Buy",
        "size": 500,
        "price": 6877.5,
        "tickDirection": "ZeroPlusTick",
        "trdMatchID": "93491730-2c4d-98d0-f539-7829c22fe3f7",
        "grossValue": 7270000,
        "homeNotional": 0.0727,
        "foreignNotional": 500
    },
    {
        "timestamp": "2020-04-12T11:34:08.851Z",
        "symbol": "XBTUSD",
        "side": "Buy",
        "size": 1400,
        "price": 6877.5,
        "tickDirection": "ZeroPlusTick",
        "trdMatchID": "ba3bd687-7d9d-de28-7775-aeef716a6b45",
        "grossValue": 20356000,
        "homeNotional": 0.20356,
        "foreignNotional": 1400
    },
    {
        "timestamp": "2020-04-12T11:34:08.851Z",
        "symbol": "XBTUSD",
        "side": "Buy",
        "size": 19,
        "price": 6877.5,
        "tickDirection": "ZeroPlusTick",
        "trdMatchID": "add81878-e024-0dc7-8301-133811551420",
        "grossValue": 276260,
        "homeNotional": 0.0027626,
        "foreignNotional": 19
    },
    {
        "timestamp": "2020-04-12T11:34:08.851Z",
        "symbol": "XBTUSD",
        "side": "Buy",
        "size": 25,
        "price": 6877.5,
        "tickDirection": "ZeroPlusTick",
        "trdMatchID": "29e7e004-b6a1-3b26-5d8c-f3e07a773b09",
        "grossValue": 363500,
        "homeNotional": 0.003635,
        "foreignNotional": 25
    },
    {
        "timestamp": "2020-04-12T11:34:08.851Z",
        "symbol": "XBTUSD",
        "side": "Buy",
        "size": 16683,
        "price": 6877.5,
        "tickDirection": "PlusTick",
        "trdMatchID": "121c74a2-10be-0238-b5cc-7674c3aafe43",
        "grossValue": 242570820,
        "homeNotional": 2.4257082,
        "foreignNotional": 16683
    },
    {
        "timestamp": "2020-04-12T11:34:08.707Z",
        "symbol": "XBTUSD",
        "side": "Sell",
        "size": 31,
        "price": 6877,
        "tickDirection": "ZeroMinusTick",
        "trdMatchID": "bd21c128-6842-0c96-c439-e9617db7358d",
        "grossValue": 450771,
        "homeNotional": 0.00450771,
        "foreignNotional": 31
    },
    {
        "timestamp": "2020-04-12T11:34:08.695Z",
        "symbol": "XBTUSD",
        "side": "Sell",
        "size": 860,
        "price": 6877,
        "tickDirection": "ZeroMinusTick",
        "trdMatchID": "ac4e7526-8bcf-01b5-0bf3-1ae3702ec42b",
        "grossValue": 12505260,
        "homeNotional": 0.1250526,
        "foreignNotional": 860
    },
    {
        "timestamp": "2020-04-12T11:34:08.695Z",
        "symbol": "XBTUSD",
        "side": "Sell",
        "size": 990,
        "price": 6877,
        "tickDirection": "ZeroMinusTick",
        "trdMatchID": "a6bf1226-0388-10c7-9387-09bb4bb5fb36",
        "grossValue": 14395590,
        "homeNotional": 0.1439559,
        "foreignNotional": 990
    },
    {
        "timestamp": "2020-04-12T11:34:08.695Z",
        "symbol": "XBTUSD",
        "side": "Sell",
        "size": 1150,
        "price": 6877,
        "tickDirection": "ZeroMinusTick",
        "trdMatchID": "c336486e-5372-0b2b-fa7a-b91586e92911",
        "grossValue": 16722150,
        "homeNotional": 0.1672215,
        "foreignNotional": 1150
    },
    {
        "timestamp": "2020-04-12T11:34:08.531Z",
        "symbol": "XBTUSD",
        "side": "Sell",
        "size": 9,
        "price": 6877,
        "tickDirection": "ZeroMinusTick",
        "trdMatchID": "ec9e7526-be53-9097-064b-c13fe02ca80b",
        "grossValue": 130869,
        "homeNotional": 0.00130869,
        "foreignNotional": 9
    },
    {
        "timestamp": "2020-04-12T11:34:08.479Z",
        "symbol": "XBTUSD",
        "side": "Sell",
        "size": 400,
        "price": 6877,
        "tickDirection": "ZeroMinusTick",
        "trdMatchID": "2c692d91-3603-7603-c3e1-4b1dd1dfb735",
        "grossValue": 5816400,
        "homeNotional": 0.058164,
        "foreignNotional": 400
    },
    {
        "timestamp": "2020-04-12T11:34:08.388Z",
        "symbol": "XBTUSD",
        "side": "Sell",
        "size": 400,
        "price": 6877,
        "tickDirection": "ZeroMinusTick",
        "trdMatchID": "413086f1-431a-f5a2-3194-bb2e86bca0b6",
        "grossValue": 5816400,
        "homeNotional": 0.058164,
        "foreignNotional": 400
    },
    {
        "timestamp": "2020-04-12T11:34:08.326Z",
        "symbol": "XBTUSD",
        "side": "Sell",
        "size": 500,
        "price": 6877,
        "tickDirection": "MinusTick",
        "trdMatchID": "982031c3-76ea-2aba-d391-55695584e16c",
        "grossValue": 7270500,
        "homeNotional": 0.072705,
        "foreignNotional": 500
    },
    {
        "timestamp": "2020-04-12T11:34:07.993Z",
        "symbol": "XBTUSD",
        "side": "Buy",
        "size": 650,
        "price": 6877.5,
        "tickDirection": "ZeroPlusTick",
        "trdMatchID": "a94fbe11-0321-265e-d138-980761f074d2",
        "grossValue": 9451000,
        "homeNotional": 0.09451,
        "foreignNotional": 650
    },
    {
        "timestamp": "2020-04-12T11:34:07.904Z",
        "symbol": "XBTUSD",
        "side": "Buy",
        "size": 1000,
        "price": 6877.5,
        "tickDirection": "PlusTick",
        "trdMatchID": "12de506e-2c75-4ead-bee2-38338eefbbe3",
        "grossValue": 14540000,
        "homeNotional": 0.1454,
        "foreignNotional": 1000
    },
    {
        "timestamp": "2020-04-12T11:34:07.503Z",
        "symbol": "XBTUSD",
        "side": "Sell",
        "size": 9541,
        "price": 6877,
        "tickDirection": "ZeroMinusTick",
        "trdMatchID": "aaa6e8b2-75a6-d6e2-5630-b1ce98cc8ed6",
        "grossValue": 138735681,
        "homeNotional": 1.38735681,
        "foreignNotional": 9541
    },
    {
        "timestamp": "2020-04-12T11:34:07.503Z",
        "symbol": "XBTUSD",
        "side": "Sell",
        "size": 990,
        "price": 6877,
        "tickDirection": "ZeroMinusTick",
        "trdMatchID": "0320ba00-8304-e216-bb43-1b83ad4dfb02",
        "grossValue": 14395590,
        "homeNotional": 0.1439559,
        "foreignNotional": 990
    },
    {
        "timestamp": "2020-04-12T11:34:07.503Z",
        "symbol": "XBTUSD",
        "side": "Sell",
        "size": 4500,
        "price": 6877,
        "tickDirection": "ZeroMinusTick",
        "trdMatchID": "b33e3a67-2fa0-223e-e8f9-2dd67eb4814b",
        "grossValue": 65434500,
        "homeNotional": 0.654345,
        "foreignNotional": 4500
    },
    {
        "timestamp": "2020-04-12T11:34:07.503Z",
        "symbol": "XBTUSD",
        "side": "Sell",
        "size": 990,
        "price": 6877,
        "tickDirection": "ZeroMinusTick",
        "trdMatchID": "4a77b7fd-b4a7-1d81-03c1-04d4ff50797e",
        "grossValue": 14395590,
        "homeNotional": 0.1439559,
        "foreignNotional": 990
    },
    {
        "timestamp": "2020-04-12T11:34:07.503Z",
        "symbol": "XBTUSD",
        "side": "Sell",
        "size": 990,
        "price": 6877,
        "tickDirection": "ZeroMinusTick",
        "trdMatchID": "eab3857d-b874-2d80-eafa-43292e85c9e4",
        "grossValue": 14395590,
        "homeNotional": 0.1439559,
        "foreignNotional": 990
    },
    {
        "timestamp": "2020-04-12T11:34:07.503Z",
        "symbol": "XBTUSD",
        "side": "Sell",
        "size": 4500,
        "price": 6877,
        "tickDirection": "ZeroMinusTick",
        "trdMatchID": "94a836ef-954a-fceb-dd3a-4c118ce74b5d",
        "grossValue": 65434500,
        "homeNotional": 0.654345,
        "foreignNotional": 4500
    },
    {
        "timestamp": "2020-04-12T11:34:07.503Z",
        "symbol": "XBTUSD",
        "side": "Sell",
        "size": 990,
        "price": 6877,
        "tickDirection": "ZeroMinusTick",
        "trdMatchID": "91526305-aba4-5351-1d4e-150e4a847dc4",
        "grossValue": 14395590,
        "homeNotional": 0.1439559,
        "foreignNotional": 990
    },
    {
        "timestamp": "2020-04-12T11:34:07.503Z",
        "symbol": "XBTUSD",
        "side": "Sell",
        "size": 7499,
        "price": 6877,
        "tickDirection": "MinusTick",
        "trdMatchID": "651539cd-a185-b67e-30ce-6accb3b3f4be",
        "grossValue": 109042959,
        "homeNotional": 1.09042959,
        "foreignNotional": 7499
    },
    {
        "timestamp": "2020-04-12T11:34:06.939Z",
        "symbol": "XBTUSD",
        "side": "Buy",
        "size": 1000,
        "price": 6877.5,
        "tickDirection": "ZeroPlusTick",
        "trdMatchID": "59baf39c-a1c3-9969-7e5b-4ab81b41eb71",
        "grossValue": 14540000,
        "homeNotional": 0.1454,
        "foreignNotional": 1000
    },
    {
        "timestamp": "2020-04-12T11:34:06.744Z",
        "symbol": "XBTUSD",
        "side": "Buy",
        "size": 20,
        "price": 6877.5,
        "tickDirection": "ZeroPlusTick",
        "trdMatchID": "91998a00-c1a3-e31f-7d1c-69c40a420db1",
        "grossValue": 290800,
        "homeNotional": 0.002908,
        "foreignNotional": 20
    },
    {
        "timestamp": "2020-04-12T11:34:06.704Z",
        "symbol": "XBTUSD",
        "side": "Buy",
        "size": 37,
        "price": 6877.5,
        "tickDirection": "PlusTick",
        "trdMatchID": "7b618f28-dd1d-515f-d6dd-1abf13df6e37",
        "grossValue": 537980,
        "homeNotional": 0.0053798,
        "foreignNotional": 37
    },
    {
        "timestamp": "2020-04-12T11:34:06.691Z",
        "symbol": "XBTUSD",
        "side": "Sell",
        "size": 1,
        "price": 6877,
        "tickDirection": "ZeroMinusTick",
        "trdMatchID": "3be37ba3-c14e-aa76-b9a0-f2a771e53245",
        "grossValue": 14541,
        "homeNotional": 0.00014541,
        "foreignNotional": 1
    },
    {
        "timestamp": "2020-04-12T11:34:06.691Z",
        "symbol": "XBTUSD",
        "side": "Sell",
        "size": 1,
        "price": 6877,
        "tickDirection": "ZeroMinusTick",
        "trdMatchID": "cee97ee3-7681-e281-17f9-06e6be44ba01",
        "grossValue": 14541,
        "homeNotional": 0.00014541,
        "foreignNotional": 1
    },
    {
        "timestamp": "2020-04-12T11:34:06.691Z",
        "symbol": "XBTUSD",
        "side": "Sell",
        "size": 1,
        "price": 6877,
        "tickDirection": "ZeroMinusTick",
        "trdMatchID": "4860b180-2dc9-5bde-8146-ebab9185d130",
        "grossValue": 14541,
        "homeNotional": 0.00014541,
        "foreignNotional": 1
    },
    {
        "timestamp": "2020-04-12T11:34:06.691Z",
        "symbol": "XBTUSD",
        "side": "Sell",
        "size": 1,
        "price": 6877,
        "tickDirection": "ZeroMinusTick",
        "trdMatchID": "374ac0f4-b15e-6864-b211-b838a24d1cfc",
        "grossValue": 14541,
        "homeNotional": 0.00014541,
        "foreignNotional": 1
    },
    {
        "timestamp": "2020-04-12T11:34:06.691Z",
        "symbol": "XBTUSD",
        "side": "Sell",
        "size": 1,
        "price": 6877,
        "tickDirection": "ZeroMinusTick",
        "trdMatchID": "978f9faa-8840-0db0-f081-94e5b94c03cd",
        "grossValue": 14541,
        "homeNotional": 0.00014541,
        "foreignNotional": 1
    },
    {
        "timestamp": "2020-04-12T11:34:06.691Z",
        "symbol": "XBTUSD",
        "side": "Sell",
        "size": 1,
        "price": 6877,
        "tickDirection": "ZeroMinusTick",
        "trdMatchID": "4a521b4f-0df6-c51d-a988-6d32642e800f",
        "grossValue": 14541,
        "homeNotional": 0.00014541,
        "foreignNotional": 1
    },
    {
        "timestamp": "2020-04-12T11:34:06.691Z",
        "symbol": "XBTUSD",
        "side": "Sell",
        "size": 1,
        "price": 6877,
        "tickDirection": "ZeroMinusTick",
        "trdMatchID": "fd957c7a-fa1f-fb49-5283-0bcd687e3e73",
        "grossValue": 14541,
        "homeNotional": 0.00014541,
        "foreignNotional": 1
    },
    {
        "timestamp": "2020-04-12T11:34:06.691Z",
        "symbol": "XBTUSD",
        "side": "Sell",
        "size": 1,
        "price": 6877,
        "tickDirection": "ZeroMinusTick",
        "trdMatchID": "0cfc7e77-e21f-af25-da07-2f28e2188900",
        "grossValue": 14541,
        "homeNotional": 0.00014541,
        "foreignNotional": 1
    },
    {
        "timestamp": "2020-04-12T11:34:06.691Z",
        "symbol": "XBTUSD",
        "side": "Sell",
        "size": 1,
        "price": 6877,
        "tickDirection": "ZeroMinusTick",
        "trdMatchID": "946312be-f7ad-4131-8902-e12e987012e6",
        "grossValue": 14541,
        "homeNotional": 0.00014541,
        "foreignNotional": 1
    },
    {
        "timestamp": "2020-04-12T11:34:06.691Z",
        "symbol": "XBTUSD",
        "side": "Sell",
        "size": 1,
        "price": 6877,
        "tickDirection": "MinusTick",
        "trdMatchID": "e5ad1305-e50d-ee4c-5325-7b70c15fd87d",
        "grossValue": 14541,
        "homeNotional": 0.00014541,
        "foreignNotional": 1
    },
    {
        "timestamp": "2020-04-12T11:34:06.540Z",
        "symbol": "XBTUSD",
        "side": "Buy",
        "size": 200,
        "price": 6877.5,
        "tickDirection": "ZeroPlusTick",
        "trdMatchID": "64d90dcf-f384-be4c-a539-bace14469495",
        "grossValue": 2908000,
        "homeNotional": 0.02908,
        "foreignNotional": 200
    },
    {
        "timestamp": "2020-04-12T11:34:06.142Z",
        "symbol": "XBTUSD",
        "side": "Buy",
        "size": 30410,
        "price": 6877.5,
        "tickDirection": "ZeroPlusTick",
        "trdMatchID": "c0a37bdf-44ec-5b42-399a-64e5b408727b",
        "grossValue": 442161400,
        "homeNotional": 4.421614,
        "foreignNotional": 30410
    },
    {
        "timestamp": "2020-04-12T11:34:06.142Z",
        "symbol": "XBTUSD",
        "side": "Buy",
        "size": 57,
        "price": 6877.5,
        "tickDirection": "ZeroPlusTick",
        "trdMatchID": "fec0538b-22ef-2026-a13b-b8f1fee9f9b9",
        "grossValue": 828780,
        "homeNotional": 0.0082878,
        "foreignNotional": 57
    },
    {
        "timestamp": "2020-04-12T11:34:06.142Z",
        "symbol": "XBTUSD",
        "side": "Buy",
        "size": 24,
        "price": 6877.5,
        "tickDirection": "ZeroPlusTick",
        "trdMatchID": "7dc5319e-57e6-e178-6dfb-857d539fbd8f",
        "grossValue": 348960,
        "homeNotional": 0.0034896,
        "foreignNotional": 24
    },
    {
        "timestamp": "2020-04-12T11:34:06.142Z",
        "symbol": "XBTUSD",
        "side": "Buy",
        "size": 75,
        "price": 6877.5,
        "tickDirection": "ZeroPlusTick",
        "trdMatchID": "8f347fda-4fb2-a63e-1f61-578da904060c",
        "grossValue": 1090500,
        "homeNotional": 0.010905,
        "foreignNotional": 75
    },
    {
        "timestamp": "2020-04-12T11:34:06.142Z",
        "symbol": "XBTUSD",
        "side": "Buy",
        "size": 7,
        "price": 6877.5,
        "tickDirection": "ZeroPlusTick",
        "trdMatchID": "1ccad451-94ff-a84a-c28d-114dd29e1656",
        "grossValue": 101780,
        "homeNotional": 0.0010178,
        "foreignNotional": 7
    },
    {
        "timestamp": "2020-04-12T11:34:06.142Z",
        "symbol": "XBTUSD",
        "side": "Buy",
        "size": 32,
        "price": 6877.5,
        "tickDirection": "ZeroPlusTick",
        "trdMatchID": "9b3589ae-f026-51f0-b9d9-ad8381aa85d9",
        "grossValue": 465280,
        "homeNotional": 0.0046528,
        "foreignNotional": 32
    },
    {
        "timestamp": "2020-04-12T11:34:06.142Z",
        "symbol": "XBTUSD",
        "side": "Buy",
        "size": 2916,
        "price": 6877.5,
        "tickDirection": "ZeroPlusTick",
        "trdMatchID": "bd5d554a-6418-a4b4-ff10-328163106883",
        "grossValue": 42398640,
        "homeNotional": 0.4239864,
        "foreignNotional": 2916
    },
    {
        "timestamp": "2020-04-12T11:34:06.142Z",
        "symbol": "XBTUSD",
        "side": "Buy",
        "size": 100,
        "price": 6877.5,
        "tickDirection": "ZeroPlusTick",
        "trdMatchID": "996526c9-f7b1-1e2a-1743-c6971172f8b7",
        "grossValue": 1454000,
        "homeNotional": 0.01454,
        "foreignNotional": 100
    },
    {
        "timestamp": "2020-04-12T11:34:06.142Z",
        "symbol": "XBTUSD",
        "side": "Buy",
        "size": 20,
        "price": 6877.5,
        "tickDirection": "PlusTick",
        "trdMatchID": "3ca1e9c6-e8cb-72f5-c854-f63b81665b82",
        "grossValue": 290800,
        "homeNotional": 0.002908,
        "foreignNotional": 20
    },
    {
        "timestamp": "2020-04-12T11:34:06.142Z",
        "symbol": "XBTUSD",
        "side": "Buy",
        "size": 6000,
        "price": 6877,
        "tickDirection": "ZeroPlusTick",
        "trdMatchID": "9e23a4ba-c47a-fdd6-08ff-0de737049b8d",
        "grossValue": 87246000,
        "homeNotional": 0.87246,
        "foreignNotional": 6000
    },
    {
        "timestamp": "2020-04-12T11:34:06.142Z",
        "symbol": "XBTUSD",
        "side": "Buy",
        "size": 20,
        "price": 6877,
        "tickDirection": "ZeroPlusTick",
        "trdMatchID": "ac155a7f-2edb-cb02-5318-1a9d23883d11",
        "grossValue": 290820,
        "homeNotional": 0.0029082,
        "foreignNotional": 20
    },
    {
        "timestamp": "2020-04-12T11:34:06.142Z",
        "symbol": "XBTUSD",
        "side": "Buy",
        "size": 3369,
        "price": 6877,
        "tickDirection": "ZeroPlusTick",
        "trdMatchID": "6923da81-0be2-b20f-29af-42d9e530ec44",
        "grossValue": 48988629,
        "homeNotional": 0.48988629,
        "foreignNotional": 3369
    },
    {
        "timestamp": "2020-04-12T11:34:06.142Z",
        "symbol": "XBTUSD",
        "side": "Buy",
        "size": 20,
        "price": 6877,
        "tickDirection": "ZeroPlusTick",
        "trdMatchID": "26a5df0c-4817-22c1-dc23-345e25634650",
        "grossValue": 290820,
        "homeNotional": 0.0029082,
        "foreignNotional": 20
    },
    {
        "timestamp": "2020-04-12T11:34:06.142Z",
        "symbol": "XBTUSD",
        "side": "Buy",
        "size": 30,
        "price": 6877,
        "tickDirection": "ZeroPlusTick",
        "trdMatchID": "eb36dff1-30b1-e8b0-158e-98973a552311",
        "grossValue": 436230,
        "homeNotional": 0.0043623,
        "foreignNotional": 30
    },
    {
        "timestamp": "2020-04-12T11:34:06.142Z",
        "symbol": "XBTUSD",
        "side": "Buy",
        "size": 20000,
        "price": 6877,
        "tickDirection": "ZeroPlusTick",
        "trdMatchID": "6c7c5d8a-2d80-5219-3c7e-afd0f4fd0f16",
        "grossValue": 290820000,
        "homeNotional": 2.9082,
        "foreignNotional": 20000
    },
    {
        "timestamp": "2020-04-12T11:34:06.142Z",
        "symbol": "XBTUSD",
        "side": "Buy",
        "size": 78,
        "price": 6877,
        "tickDirection": "ZeroPlusTick",
        "trdMatchID": "f93b8708-4ee2-6eef-d81c-ed18a8514510",
        "grossValue": 1134198,
        "homeNotional": 0.01134198,
        "foreignNotional": 78
    },
    {
        "timestamp": "2020-04-12T11:34:06.142Z",
        "symbol": "XBTUSD",
        "side": "Buy",
        "size": 19,
        "price": 6877,
        "tickDirection": "ZeroPlusTick",
        "trdMatchID": "d5c11308-cce1-bf68-fc8c-e56ac43403e3",
        "grossValue": 276279,
        "homeNotional": 0.00276279,
        "foreignNotional": 19
    },
    {
        "timestamp": "2020-04-12T11:34:06.142Z",
        "symbol": "XBTUSD",
        "side": "Buy",
        "size": 40,
        "price": 6877,
        "tickDirection": "ZeroPlusTick",
        "trdMatchID": "33711f63-6f8c-fd3a-c75b-afb9c23e0dba",
        "grossValue": 581640,
        "homeNotional": 0.0058164,
        "foreignNotional": 40
    },
    {
        "timestamp": "2020-04-12T11:34:06.142Z",
        "symbol": "XBTUSD",
        "side": "Buy",
        "size": 25,
        "price": 6877,
        "tickDirection": "ZeroPlusTick",
        "trdMatchID": "e072b5a4-7453-b496-cdeb-bd6cfbd4883e",
        "grossValue": 363525,
        "homeNotional": 0.00363525,
        "foreignNotional": 25
    },
    {
        "timestamp": "2020-04-12T11:34:06.142Z",
        "symbol": "XBTUSD",
        "side": "Buy",
        "size": 8,
        "price": 6877,
        "tickDirection": "ZeroPlusTick",
        "trdMatchID": "730b89c9-172f-1a02-5504-5aee7fa51964",
        "grossValue": 116328,
        "homeNotional": 0.00116328,
        "foreignNotional": 8
    },
    {
        "timestamp": "2020-04-12T11:34:06.142Z",
        "symbol": "XBTUSD",
        "side": "Buy",
        "size": 165,
        "price": 6877,
        "tickDirection": "ZeroPlusTick",
        "trdMatchID": "6e2cc2e7-1735-d65d-64ed-825fd4954181",
        "grossValue": 2399265,
        "homeNotional": 0.02399265,
        "foreignNotional": 165
    },
    {
        "timestamp": "2020-04-12T11:34:06.142Z",
        "symbol": "XBTUSD",
        "side": "Buy",
        "size": 25,
        "price": 6877,
        "tickDirection": "ZeroPlusTick",
        "trdMatchID": "ef05cd1f-9c74-1f90-611a-a79e57e4cb53",
        "grossValue": 363525,
        "homeNotional": 0.00363525,
        "foreignNotional": 25
    },
    {
        "timestamp": "2020-04-12T11:34:06.142Z",
        "symbol": "XBTUSD",
        "side": "Buy",
        "size": 100000,
        "price": 6877,
        "tickDirection": "ZeroPlusTick",
        "trdMatchID": "d1300053-ff78-0a59-1897-ec53bbe8065e",
        "grossValue": 1454100000,
        "homeNotional": 14.541,
        "foreignNotional": 100000
    },
    {
        "timestamp": "2020-04-12T11:34:06.142Z",
        "symbol": "XBTUSD",
        "side": "Buy",
        "size": 541,
        "price": 6877,
        "tickDirection": "ZeroPlusTick",
        "trdMatchID": "faa46d31-540c-d799-90ff-10256240588a",
        "grossValue": 7866681,
        "homeNotional": 0.07866681,
        "foreignNotional": 541
    },
    {
        "timestamp": "2020-04-12T11:34:06.142Z",
        "symbol": "XBTUSD",
        "side": "Buy",
        "size": 541,
        "price": 6877,
        "tickDirection": "ZeroPlusTick",
        "trdMatchID": "dce2fbd3-4648-b28b-2ff8-96e3897c5307",
        "grossValue": 7866681,
        "homeNotional": 0.07866681,
        "foreignNotional": 541
    },
    {
        "timestamp": "2020-04-12T11:34:06.142Z",
        "symbol": "XBTUSD",
        "side": "Buy",
        "size": 500,
        "price": 6877,
        "tickDirection": "ZeroPlusTick",
        "trdMatchID": "e678a78f-27b4-564c-6417-4f00bbd877bb",
        "grossValue": 7270500,
        "homeNotional": 0.072705,
        "foreignNotional": 500
    },
    {
        "timestamp": "2020-04-12T11:34:06.142Z",
        "symbol": "XBTUSD",
        "side": "Buy",
        "size": 20,
        "price": 6877,
        "tickDirection": "ZeroPlusTick",
        "trdMatchID": "85b9e6c4-8e65-809a-54c3-92cd241e09c8",
        "grossValue": 290820,
        "homeNotional": 0.0029082,
        "foreignNotional": 20
    },
    {
        "timestamp": "2020-04-12T11:34:06.142Z",
        "symbol": "XBTUSD",
        "side": "Buy",
        "size": 4262,
        "price": 6877,
        "tickDirection": "ZeroPlusTick",
        "trdMatchID": "65e581ef-5b5d-fa1c-714d-a509f43206d5",
        "grossValue": 61973742,
        "homeNotional": 0.61973742,
        "foreignNotional": 4262
    },
    {
        "timestamp": "2020-04-12T11:34:06.142Z",
        "symbol": "XBTUSD",
        "side": "Buy",
        "size": 24,
        "price": 6877,
        "tickDirection": "ZeroPlusTick",
        "trdMatchID": "baf12b84-f38e-08ba-5460-d6178339b78f",
        "grossValue": 348984,
        "homeNotional": 0.00348984,
        "foreignNotional": 24
    },
    {
        "timestamp": "2020-04-12T11:34:06.142Z",
        "symbol": "XBTUSD",
        "side": "Buy",
        "size": 32,
        "price": 6877,
        "tickDirection": "ZeroPlusTick",
        "trdMatchID": "1fe3c211-4c84-cfa8-215e-ebb6a6949c95",
        "grossValue": 465312,
        "homeNotional": 0.00465312,
        "foreignNotional": 32
    },
    {
        "timestamp": "2020-04-12T11:34:06.142Z",
        "symbol": "XBTUSD",
        "side": "Buy",
        "size": 20,
        "price": 6877,
        "tickDirection": "ZeroPlusTick",
        "trdMatchID": "84f289e6-8518-15ba-2c4a-a8a47c3ce071",
        "grossValue": 290820,
        "homeNotional": 0.0029082,
        "foreignNotional": 20
    },
    {
        "timestamp": "2020-04-12T11:34:06.142Z",
        "symbol": "XBTUSD",
        "side": "Buy",
        "size": 100,
        "price": 6877,
        "tickDirection": "PlusTick",
        "trdMatchID": "aef92d34-14c2-f73e-d362-bee03ec97231",
        "grossValue": 1454100,
        "homeNotional": 0.014541,
        "foreignNotional": 100
    },
    {
        "timestamp": "2020-04-12T11:34:06.142Z",
        "symbol": "XBTUSD",
        "side": "Buy",
        "size": 20,
        "price": 6876.5,
        "tickDirection": "ZeroPlusTick",
        "trdMatchID": "8f7e7312-e3dd-5674-b28b-ae219190fef1",
        "grossValue": 290840,
        "homeNotional": 0.0029084,
        "foreignNotional": 20
    },
    {
        "timestamp": "2020-04-12T11:34:06.142Z",
        "symbol": "XBTUSD",
        "side": "Buy",
        "size": 20,
        "price": 6876.5,
        "tickDirection": "ZeroPlusTick",
        "trdMatchID": "0bb8f57b-f6ab-7dd0-6c33-3119fbc8b55a",
        "grossValue": 290840,
        "homeNotional": 0.0029084,
        "foreignNotional": 20
    },
    {
        "timestamp": "2020-04-12T11:34:06.142Z",
        "symbol": "XBTUSD",
        "side": "Buy",
        "size": 30,
        "price": 6876.5,
        "tickDirection": "ZeroPlusTick",
        "trdMatchID": "5562c904-3118-9c28-5210-af6a458caf48",
        "grossValue": 436260,
        "homeNotional": 0.0043626,
        "foreignNotional": 30
    },
    {
        "timestamp": "2020-04-12T11:34:06.142Z",
        "symbol": "XBTUSD",
        "side": "Buy",
        "size": 19,
        "price": 6876.5,
        "tickDirection": "ZeroPlusTick",
        "trdMatchID": "2ab8e899-1b0d-debd-05ad-df162973923c",
        "grossValue": 276298,
        "homeNotional": 0.00276298,
        "foreignNotional": 19
    },
    {
        "timestamp": "2020-04-12T11:34:06.142Z",
        "symbol": "XBTUSD",
        "side": "Buy",
        "size": 25,
        "price": 6876.5,
        "tickDirection": "ZeroPlusTick",
        "trdMatchID": "cb3be7f5-c35d-6305-5caf-5270800eac34",
        "grossValue": 363550,
        "homeNotional": 0.0036355,
        "foreignNotional": 25
    },
    {
        "timestamp": "2020-04-12T11:34:06.142Z",
        "symbol": "XBTUSD",
        "side": "Buy",
        "size": 25,
        "price": 6876.5,
        "tickDirection": "ZeroPlusTick",
        "trdMatchID": "73b7760f-c6eb-9707-4204-a81562a13066",
        "grossValue": 363550,
        "homeNotional": 0.0036355,
        "foreignNotional": 25
    },
    {
        "timestamp": "2020-04-12T11:34:06.142Z",
        "symbol": "XBTUSD",
        "side": "Buy",
        "size": 20,
        "price": 6876.5,
        "tickDirection": "ZeroPlusTick",
        "trdMatchID": "d997c6e3-55dc-3f01-4442-5473c489288e",
        "grossValue": 290840,
        "homeNotional": 0.0029084,
        "foreignNotional": 20
    },
    {
        "timestamp": "2020-04-12T11:34:06.142Z",
        "symbol": "XBTUSD",
        "side": "Buy",
        "size": 80,
        "price": 6876.5,
        "tickDirection": "ZeroPlusTick",
        "trdMatchID": "dcc22456-f223-33d4-259d-82e96f43055e",
        "grossValue": 1163360,
        "homeNotional": 0.0116336,
        "foreignNotional": 80
    },
    {
        "timestamp": "2020-04-12T11:34:06.142Z",
        "symbol": "XBTUSD",
        "side": "Buy",
        "size": 359,
        "price": 6876.5,
        "tickDirection": "ZeroPlusTick",
        "trdMatchID": "b4cf2855-e564-dcdd-9c5e-45ef76547370",
        "grossValue": 5220578,
        "homeNotional": 0.05220578,
        "foreignNotional": 359
    },
    {
        "timestamp": "2020-04-12T11:34:06.142Z",
        "symbol": "XBTUSD",
        "side": "Buy",
        "size": 24,
        "price": 6876.5,
        "tickDirection": "ZeroPlusTick",
        "trdMatchID": "ad15f48b-0b44-1d03-644b-d8e5f0f959c7",
        "grossValue": 349008,
        "homeNotional": 0.00349008,
        "foreignNotional": 24
    },
    {
        "timestamp": "2020-04-12T11:34:06.142Z",
        "symbol": "XBTUSD",
        "side": "Buy",
        "size": 32,
        "price": 6876.5,
        "tickDirection": "ZeroPlusTick",
        "trdMatchID": "88848360-61b5-f280-b658-b339b1ae28a3",
        "grossValue": 465344,
        "homeNotional": 0.00465344,
        "foreignNotional": 32
    },
    {
        "timestamp": "2020-04-12T11:34:06.142Z",
        "symbol": "XBTUSD",
        "side": "Buy",
        "size": 100,
        "price": 6876.5,
        "tickDirection": "PlusTick",
        "trdMatchID": "4798df3e-6503-9f79-63d7-ae75de61f968",
        "grossValue": 1454200,
        "homeNotional": 0.014542,
        "foreignNotional": 100
    },
    {
        "timestamp": "2020-04-12T11:34:06.142Z",
