[
    {
        "timestamp": "2019-05-03T12:05:08.063Z",
        "symbol": "XBTUSD",
        "side": "Buy",
        "size": 135,
        "price": 5704,
        "tickDirection": "ZeroPlusTick",
        "trdMatchID": "375d87a1-6a5e-7c95-ba96-fa6a0e10ddd4",
        "grossValue": 2366820,
        "homeNotional": 0.0236682,
        "foreignNotional": 135
    },
    {
        "timestamp": "2019-05-03T12:05:08.063Z",
        "symbol": "XBTUSD",
        "side": "Buy",
        "size": 50,
        "price": 5704,
        "tickDirection": "ZeroPlusTick",
        "trdMatchID": "c601fdda-49b6-d899-4ced-2015d021e900",
        "grossValue": 876600,
        "homeNotional": 0.008766,
        "foreignNotional": 50
    },
    {
        "timestamp": "2019-05-03T12:05:08.063Z",
        "symbol": "XBTUSD",
        "side": "Buy",
        "size": 5500,
        "price": 5704,
        "tickDirection": "ZeroPlusTick",
        "trdMatchID": "2db27c7b-5905-5f66-c032-9fb2785df6ec",
        "grossValue": 96426000,
        "homeNotional": 0.96426,
        "foreignNotional": 5500
    },
    {
        "timestamp": "2019-05-03T12:05:08.063Z",
        "symbol": "XBTUSD",
        "side": "Buy",
        "size": 1000,
        "price": 5704,
        "tickDirection": "ZeroPlusTick",
        "trdMatchID": "7013a8f5-accc-93c7-1603-de151733a348",
        "grossValue": 17532000,
        "homeNotional": 0.17532,
        "foreignNotional": 1000
    },
    {
        "timestamp": "2019-05-03T12:05:08.063Z",
        "symbol": "XBTUSD",
        "side": "Buy",
        "size": 50,
        "price": 5704,
        "tickDirection": "ZeroPlusTick",
        "trdMatchID": "09423187-d826-122c-a345-a57f9b5f8943",
        "grossValue": 876600,
        "homeNotional": 0.008766,
        "foreignNotional": 50
    },
    {
        "timestamp": "2019-05-03T12:05:08.063Z",
        "symbol": "XBTUSD",
        "side": "Buy",
        "size": 50,
        "price": 5704,
        "tickDirection": "ZeroPlusTick",
        "trdMatchID": "9055320b-4237-9bdd-2068-e31a2d591d34",
        "grossValue": 876600,
        "homeNotional": 0.008766,
        "foreignNotional": 50
    },
    {
        "timestamp": "2019-05-03T12:05:08.063Z",
        "symbol": "XBTUSD",
        "side": "Buy",
        "size": 24000,
        "price": 5704,
        "tickDirection": "ZeroPlusTick",
        "trdMatchID": "a94810bf-4e03-f57a-5570-44aa7859405b",
        "grossValue": 420768000,
        "homeNotional": 4.20768,
        "foreignNotional": 24000
    },
    {
        "timestamp": "2019-05-03T12:05:08.063Z",
        "symbol": "XBTUSD",
        "side": "Buy",
        "size": 250,
        "price": 5704,
        "tickDirection": "ZeroPlusTick",
        "trdMatchID": "5ae44ccd-b210-a527-5822-7c8616d039ff",
        "grossValue": 4383000,
        "homeNotional": 0.04383,
        "foreignNotional": 250
    },
    {
        "timestamp": "2019-05-03T12:05:08.063Z",
        "symbol": "XBTUSD",
        "side": "Buy",
        "size": 20,
        "price": 5704,
        "tickDirection": "ZeroPlusTick",
        "trdMatchID": "4e143d0a-87e5-fe12-c3a9-f5affa9d3306",
        "grossValue": 350640,
        "homeNotional": 0.0035064,
        "foreignNotional": 20
    },
    {
        "timestamp": "2019-05-03T12:05:08.063Z",
        "symbol": "XBTUSD",
        "side": "Buy",
        "size": 425,
        "price": 5704,
        "tickDirection": "ZeroPlusTick",
        "trdMatchID": "c0e82d9e-6367-f433-dda0-4ee875cf4c45",
        "grossValue": 7451100,
        "homeNotional": 0.074511,
        "foreignNotional": 425
    },
    {
        "timestamp": "2019-05-03T12:05:08.063Z",
        "symbol": "XBTUSD",
        "side": "Buy",
        "size": 500,
        "price": 5704,
        "tickDirection": "ZeroPlusTick",
        "trdMatchID": "befe37af-5ac8-a6f4-177e-ec1a37e8ce54",
        "grossValue": 8766000,
        "homeNotional": 0.08766,
        "foreignNotional": 500
    },
    {
        "timestamp": "2019-05-03T12:05:08.063Z",
        "symbol": "XBTUSD",
        "side": "Buy",
        "size": 402,
        "price": 5704,
        "tickDirection": "ZeroPlusTick",
        "trdMatchID": "d1bdaeb7-17b7-3466-52b5-f192e947800e",
        "grossValue": 7047864,
        "homeNotional": 0.07047864,
        "foreignNotional": 402
    },
    {
        "timestamp": "2019-05-03T12:05:08.063Z",
        "symbol": "XBTUSD",
        "side": "Buy",
        "size": 816,
        "price": 5704,
        "tickDirection": "ZeroPlusTick",
        "trdMatchID": "9d606445-d032-32be-89db-a649c41e6000",
        "grossValue": 14306112,
        "homeNotional": 0.14306112,
        "foreignNotional": 816
    },
    {
        "timestamp": "2019-05-03T12:05:08.063Z",
        "symbol": "XBTUSD",
        "side": "Buy",
        "size": 816,
        "price": 5704,
        "tickDirection": "ZeroPlusTick",
        "trdMatchID": "8c71ec50-33cc-02f1-1fe1-7727c50bc3a7",
        "grossValue": 14306112,
        "homeNotional": 0.14306112,
        "foreignNotional": 816
    },
    {
        "timestamp": "2019-05-03T12:05:08.063Z",
        "symbol": "XBTUSD",
        "side": "Buy",
        "size": 600,
        "price": 5704,
        "tickDirection": "ZeroPlusTick",
        "trdMatchID": "65c93e95-cb90-1075-c0f8-c057c463c93f",
        "grossValue": 10519200,
        "homeNotional": 0.105192,
        "foreignNotional": 600
    },
    {
        "timestamp": "2019-05-03T12:05:08.063Z",
        "symbol": "XBTUSD",
        "side": "Buy",
        "size": 213,
        "price": 5704,
        "tickDirection": "ZeroPlusTick",
        "trdMatchID": "9209f16a-0705-d490-d17e-47e3b1c8d179",
        "grossValue": 3734316,
        "homeNotional": 0.03734316,
        "foreignNotional": 213
    },
    {
        "timestamp": "2019-05-03T12:05:08.063Z",
        "symbol": "XBTUSD",
        "side": "Buy",
        "size": 523,
        "price": 5704,
        "tickDirection": "ZeroPlusTick",
        "trdMatchID": "2440ee06-5f1a-56fc-4e49-2ee39e43359c",
        "grossValue": 9169236,
        "homeNotional": 0.09169236,
        "foreignNotional": 523
    },
    {
        "timestamp": "2019-05-03T12:05:08.063Z",
        "symbol": "XBTUSD",
        "side": "Buy",
        "size": 220,
        "price": 5704,
        "tickDirection": "ZeroPlusTick",
        "trdMatchID": "8269e461-3297-a2be-9a08-aa87a7f543b0",
        "grossValue": 3857040,
        "homeNotional": 0.0385704,
        "foreignNotional": 220
    },
    {
        "timestamp": "2019-05-03T12:05:08.063Z",
        "symbol": "XBTUSD",
        "side": "Buy",
        "size": 556,
        "price": 5704,
        "tickDirection": "ZeroPlusTick",
        "trdMatchID": "8c700248-38b7-400c-69b0-df2e220960b0",
        "grossValue": 9747792,
        "homeNotional": 0.09747792,
        "foreignNotional": 556
    },
    {
        "timestamp": "2019-05-03T12:05:08.063Z",
        "symbol": "XBTUSD",
        "side": "Buy",
        "size": 910,
        "price": 5704,
        "tickDirection": "ZeroPlusTick",
        "trdMatchID": "1457d071-c2b0-ce11-8a60-b26dac170d28",
        "grossValue": 15954120,
        "homeNotional": 0.1595412,
        "foreignNotional": 910
    },
    {
        "timestamp": "2019-05-03T12:05:08.063Z",
        "symbol": "XBTUSD",
        "side": "Buy",
        "size": 418,
        "price": 5704,
        "tickDirection": "ZeroPlusTick",
        "trdMatchID": "448836fb-c033-bd7f-6dd1-3a42464ed911",
        "grossValue": 7328376,
        "homeNotional": 0.07328376,
        "foreignNotional": 418
    },
    {
        "timestamp": "2019-05-03T12:05:08.063Z",
        "symbol": "XBTUSD",
        "side": "Buy",
        "size": 50,
        "price": 5704,
        "tickDirection": "ZeroPlusTick",
        "trdMatchID": "65d35d87-0fc3-36df-bf48-8139432bd3a3",
        "grossValue": 876600,
        "homeNotional": 0.008766,
        "foreignNotional": 50
    },
    {
        "timestamp": "2019-05-03T12:05:08.063Z",
        "symbol": "XBTUSD",
        "side": "Buy",
        "size": 15,
        "price": 5704,
        "tickDirection": "ZeroPlusTick",
        "trdMatchID": "ebeafb01-51b7-5d5c-d5af-4333e96295ea",
        "grossValue": 262980,
        "homeNotional": 0.0026298,
        "foreignNotional": 15
    },
    {
        "timestamp": "2019-05-03T12:05:08.063Z",
        "symbol": "XBTUSD",
        "side": "Buy",
        "size": 200,
        "price": 5704,
        "tickDirection": "ZeroPlusTick",
        "trdMatchID": "1bcf0724-9a35-333b-0215-3e0c592bd306",
        "grossValue": 3506400,
        "homeNotional": 0.035064,
        "foreignNotional": 200
    },
    {
        "timestamp": "2019-05-03T12:05:08.063Z",
        "symbol": "XBTUSD",
        "side": "Buy",
        "size": 150,
        "price": 5704,
        "tickDirection": "ZeroPlusTick",
        "trdMatchID": "95e77383-7728-049e-cb6e-ca598d2cfdcc",
        "grossValue": 2629800,
        "homeNotional": 0.026298,
        "foreignNotional": 150
    },
    {
        "timestamp": "2019-05-03T12:05:08.063Z",
        "symbol": "XBTUSD",
        "side": "Buy",
        "size": 19000,
        "price": 5704,
        "tickDirection": "ZeroPlusTick",
        "trdMatchID": "7e986b96-9c27-8555-a232-673881297d42",
        "grossValue": 333108000,
        "homeNotional": 3.33108,
        "foreignNotional": 19000
    },
    {
        "timestamp": "2019-05-03T12:05:08.063Z",
        "symbol": "XBTUSD",
        "side": "Buy",
        "size": 300,
        "price": 5704,
        "tickDirection": "ZeroPlusTick",
        "trdMatchID": "384c16b5-e62c-87cb-cf00-85d005e75cc9",
        "grossValue": 5259600,
        "homeNotional": 0.052596,
        "foreignNotional": 300
    },
    {
        "timestamp": "2019-05-03T12:05:08.063Z",
        "symbol": "XBTUSD",
        "side": "Buy",
        "size": 15,
        "price": 5704,
        "tickDirection": "ZeroPlusTick",
        "trdMatchID": "c88f5ccc-f3dd-5203-6df5-eaef05bdd908",
        "grossValue": 262980,
        "homeNotional": 0.0026298,
        "foreignNotional": 15
    },
    {
        "timestamp": "2019-05-03T12:05:08.063Z",
        "symbol": "XBTUSD",
        "side": "Buy",
        "size": 39366,
        "price": 5704,
        "tickDirection": "ZeroPlusTick",
        "trdMatchID": "f8b25738-6af1-ad10-479e-bd467e22ed5c",
        "grossValue": 690164712,
        "homeNotional": 6.90164712,
        "foreignNotional": 39366
    },
    {
        "timestamp": "2019-05-03T12:05:08.063Z",
        "symbol": "XBTUSD",
        "side": "Buy",
        "size": 477,
        "price": 5704,
        "tickDirection": "ZeroPlusTick",
        "trdMatchID": "d9661c95-4983-e71c-0f19-dc1ebf128a78",
        "grossValue": 8362764,
        "homeNotional": 0.08362764,
        "foreignNotional": 477
    },
    {
        "timestamp": "2019-05-03T12:05:08.063Z",
        "symbol": "XBTUSD",
        "side": "Buy",
        "size": 477,
        "price": 5704,
        "tickDirection": "ZeroPlusTick",
        "trdMatchID": "921c0222-c6de-d156-b8c9-e83eaf96217e",
        "grossValue": 8362764,
        "homeNotional": 0.08362764,
        "foreignNotional": 477
    },
    {
        "timestamp": "2019-05-03T12:05:08.063Z",
        "symbol": "XBTUSD",
        "side": "Buy",
        "size": 1292,
        "price": 5704,
        "tickDirection": "ZeroPlusTick",
        "trdMatchID": "1728056f-93fa-33a0-f28a-8ba372dc619e",
        "grossValue": 22651344,
        "homeNotional": 0.22651344,
        "foreignNotional": 1292
    },
    {
        "timestamp": "2019-05-03T12:05:08.063Z",
        "symbol": "XBTUSD",
        "side": "Buy",
        "size": 1292,
        "price": 5704,
        "tickDirection": "ZeroPlusTick",
        "trdMatchID": "c9350ae2-5c01-71af-86a3-db043fbecb90",
        "grossValue": 22651344,
        "homeNotional": 0.22651344,
        "foreignNotional": 1292
    },
    {
        "timestamp": "2019-05-03T12:05:08.063Z",
        "symbol": "XBTUSD",
        "side": "Buy",
        "size": 100,
        "price": 5704,
        "tickDirection": "ZeroPlusTick",
        "trdMatchID": "99da0096-105a-add7-0ac1-921adc278c7f",
        "grossValue": 1753200,
        "homeNotional": 0.017532,
        "foreignNotional": 100
    },
    {
        "timestamp": "2019-05-03T12:05:08.063Z",
        "symbol": "XBTUSD",
        "side": "Buy",
        "size": 9000,
        "price": 5704,
        "tickDirection": "ZeroPlusTick",
        "trdMatchID": "c5d1691f-8276-043a-3dce-5c1d9c4176eb",
        "grossValue": 157788000,
        "homeNotional": 1.57788,
        "foreignNotional": 9000
    },
    {
        "timestamp": "2019-05-03T12:05:08.063Z",
        "symbol": "XBTUSD",
        "side": "Buy",
        "size": 23,
        "price": 5704,
        "tickDirection": "ZeroPlusTick",
        "trdMatchID": "6561f503-951f-50f4-50b7-0b37ac31544d",
        "grossValue": 403236,
        "homeNotional": 0.00403236,
        "foreignNotional": 23
    },
    {
        "timestamp": "2019-05-03T12:05:08.063Z",
        "symbol": "XBTUSD",
        "side": "Buy",
        "size": 30,
        "price": 5704,
        "tickDirection": "ZeroPlusTick",
        "trdMatchID": "19c08116-74eb-88f6-0281-79aa4b1db286",
        "grossValue": 525960,
        "homeNotional": 0.0052596,
        "foreignNotional": 30
    },
    {
        "timestamp": "2019-05-03T12:05:08.063Z",
        "symbol": "XBTUSD",
        "side": "Buy",
        "size": 300,
        "price": 5704,
        "tickDirection": "ZeroPlusTick",
        "trdMatchID": "dfcc2cbf-bb07-0775-b5c4-b65baff8aa3f",
        "grossValue": 5259600,
        "homeNotional": 0.052596,
        "foreignNotional": 300
    },
    {
        "timestamp": "2019-05-03T12:05:08.063Z",
        "symbol": "XBTUSD",
        "side": "Buy",
        "size": 37,
        "price": 5704,
        "tickDirection": "ZeroPlusTick",
        "trdMatchID": "b6c676f0-2d21-4f24-a4e2-0cdc5cb46715",
        "grossValue": 648684,
        "homeNotional": 0.00648684,
        "foreignNotional": 37
    },
    {
        "timestamp": "2019-05-03T12:05:08.063Z",
        "symbol": "XBTUSD",
        "side": "Buy",
        "size": 10,
        "price": 5704,
        "tickDirection": "ZeroPlusTick",
        "trdMatchID": "ffc26033-39db-731e-5e4d-264a961dc3da",
        "grossValue": 175320,
        "homeNotional": 0.0017532,
        "foreignNotional": 10
    },
    {
        "timestamp": "2019-05-03T12:05:08.063Z",
        "symbol": "XBTUSD",
        "side": "Buy",
        "size": 300,
        "price": 5704,
        "tickDirection": "ZeroPlusTick",
        "trdMatchID": "2058ce93-2052-e5fa-3482-4d0bcefe1d80",
        "grossValue": 5259600,
        "homeNotional": 0.052596,
        "foreignNotional": 300
    },
    {
        "timestamp": "2019-05-03T12:05:08.063Z",
        "symbol": "XBTUSD",
        "side": "Buy",
        "size": 200,
        "price": 5704,
        "tickDirection": "ZeroPlusTick",
        "trdMatchID": "221845e2-9c1c-91e6-619f-1ca12b5c8c56",
        "grossValue": 3506400,
        "homeNotional": 0.035064,
        "foreignNotional": 200
    },
    {
        "timestamp": "2019-05-03T12:05:08.063Z",
        "symbol": "XBTUSD",
        "side": "Buy",
        "size": 3000,
        "price": 5704,
        "tickDirection": "ZeroPlusTick",
        "trdMatchID": "36bb4e9a-305e-d05a-6bc2-5b964e1d8d0e",
        "grossValue": 52596000,
        "homeNotional": 0.52596,
        "foreignNotional": 3000
    },
    {
        "timestamp": "2019-05-03T12:05:08.063Z",
        "symbol": "XBTUSD",
        "side": "Buy",
        "size": 25,
        "price": 5704,
        "tickDirection": "ZeroPlusTick",
        "trdMatchID": "c6b1a69c-ecb9-4ba8-93d2-208f00330f13",
        "grossValue": 438300,
        "homeNotional": 0.004383,
        "foreignNotional": 25
    },
    {
        "timestamp": "2019-05-03T12:05:08.063Z",
        "symbol": "XBTUSD",
        "side": "Buy",
        "size": 21,
        "price": 5704,
        "tickDirection": "ZeroPlusTick",
        "trdMatchID": "d629e491-e2a4-4421-1d5e-3037598474b5",
        "grossValue": 368172,
        "homeNotional": 0.00368172,
        "foreignNotional": 21
    },
    {
        "timestamp": "2019-05-03T12:05:08.063Z",
        "symbol": "XBTUSD",
        "side": "Buy",
        "size": 17,
        "price": 5704,
        "tickDirection": "ZeroPlusTick",
        "trdMatchID": "a9cbb5cb-29ff-98c3-bf2a-412cc5dbff24",
        "grossValue": 298044,
        "homeNotional": 0.00298044,
        "foreignNotional": 17
    },
    {
        "timestamp": "2019-05-03T12:05:08.063Z",
        "symbol": "XBTUSD",
        "side": "Buy",
        "size": 75,
        "price": 5704,
        "tickDirection": "ZeroPlusTick",
        "trdMatchID": "4d978eb5-6c92-1c6c-4e73-e67d97845240",
        "grossValue": 1314900,
        "homeNotional": 0.013149,
        "foreignNotional": 75
    },
    {
        "timestamp": "2019-05-03T12:05:08.063Z",
        "symbol": "XBTUSD",
        "side": "Buy",
        "size": 33472,
        "price": 5704,
        "tickDirection": "ZeroPlusTick",
        "trdMatchID": "dbd8a7c8-daca-c760-af3b-cf1267b87f5d",
        "grossValue": 586831104,
        "homeNotional": 5.86831104,
        "foreignNotional": 33472
    },
    {
        "timestamp": "2019-05-03T12:05:08.063Z",
        "symbol": "XBTUSD",
        "side": "Buy",
        "size": 38,
        "price": 5704,
        "tickDirection": "ZeroPlusTick",
        "trdMatchID": "94dab3d3-e5f8-28b9-98a1-d3e8dc53fd96",
        "grossValue": 666216,
        "homeNotional": 0.00666216,
        "foreignNotional": 38
    },
    {
        "timestamp": "2019-05-03T12:05:08.063Z",
        "symbol": "XBTUSD",
        "side": "Buy",
        "size": 21,
        "price": 5704,
        "tickDirection": "ZeroPlusTick",
        "trdMatchID": "22891bc1-a83d-3fb9-2a5a-c5d70fba4cb8",
        "grossValue": 368172,
        "homeNotional": 0.00368172,
        "foreignNotional": 21
    },
    {
        "timestamp": "2019-05-03T12:05:08.063Z",
        "symbol": "XBTUSD",
        "side": "Buy",
        "size": 21,
        "price": 5704,
        "tickDirection": "ZeroPlusTick",
        "trdMatchID": "7357e3d0-0af9-11c5-24a7-ced9a657a8a4",
        "grossValue": 368172,
        "homeNotional": 0.00368172,
        "foreignNotional": 21
    },
    {
        "timestamp": "2019-05-03T12:05:08.063Z",
        "symbol": "XBTUSD",
        "side": "Buy",
        "size": 23,
        "price": 5704,
        "tickDirection": "ZeroPlusTick",
        "trdMatchID": "c8f5c583-9296-af38-213d-1cfaab497575",
        "grossValue": 403236,
        "homeNotional": 0.00403236,
        "foreignNotional": 23
    },
    {
        "timestamp": "2019-05-03T12:05:08.063Z",
        "symbol": "XBTUSD",
        "side": "Buy",
        "size": 26,
        "price": 5704,
        "tickDirection": "ZeroPlusTick",
        "trdMatchID": "3ad8138a-5b82-0d94-d3d9-3857bde77c99",
        "grossValue": 455832,
        "homeNotional": 0.00455832,
        "foreignNotional": 26
    },
    {
        "timestamp": "2019-05-03T12:05:08.063Z",
        "symbol": "XBTUSD",
        "side": "Buy",
        "size": 50,
        "price": 5704.5,
        "tickDirection": "PlusTick",
        "trdMatchID": "e3540fe5-96d8-bbb9-30ca-e9de7c8a56e6",
        "grossValue": 876500,
        "homeNotional": 0.008765,
        "foreignNotional": 50
    },
    {
        "timestamp": "2019-05-03T12:05:08.063Z",
        "symbol": "XBTUSD",
        "side": "Buy",
        "size": 1,
        "price": 5704.5,
        "tickDirection": "ZeroPlusTick",
        "trdMatchID": "48660457-89cc-9372-e77c-61df5d6a6a6f",
        "grossValue": 17530,
        "homeNotional": 0.0001753,
        "foreignNotional": 1
    },
    {
        "timestamp": "2019-05-03T12:05:08.063Z",
        "symbol": "XBTUSD",
        "side": "Buy",
        "size": 2300,
        "price": 5704.5,
        "tickDirection": "ZeroPlusTick",
        "trdMatchID": "5ecd7cd0-96fe-b581-47cb-d8781c36c359",
        "grossValue": 40319000,
        "homeNotional": 0.40319,
        "foreignNotional": 2300
    },
    {
        "timestamp": "2019-05-03T12:05:08.063Z",
        "symbol": "XBTUSD",
        "side": "Buy",
        "size": 20000,
        "price": 5704.5,
        "tickDirection": "ZeroPlusTick",
        "trdMatchID": "95c826c5-6c7b-386f-d750-2e8d162f9b06",
        "grossValue": 350600000,
        "homeNotional": 3.506,
        "foreignNotional": 20000
    },
    {
        "timestamp": "2019-05-03T12:05:08.063Z",
        "symbol": "XBTUSD",
        "side": "Buy",
        "size": 100,
        "price": 5704.5,
        "tickDirection": "ZeroPlusTick",
        "trdMatchID": "14d13735-2edb-49c7-cc4b-f5eaf3b3e79e",
        "grossValue": 1753000,
        "homeNotional": 0.01753,
        "foreignNotional": 100
    },
    {
        "timestamp": "2019-05-03T12:05:08.063Z",
        "symbol": "XBTUSD",
        "side": "Buy",
        "size": 30000,
        "price": 5704.5,
        "tickDirection": "ZeroPlusTick",
        "trdMatchID": "c1c249a1-bcd3-9490-3dc8-afe7377b55c8",
        "grossValue": 525900000,
        "homeNotional": 5.259,
        "foreignNotional": 30000
    },
    {
        "timestamp": "2019-05-03T12:05:08.063Z",
        "symbol": "XBTUSD",
        "side": "Buy",
        "size": 1,
        "price": 5704.5,
        "tickDirection": "ZeroPlusTick",
        "trdMatchID": "2fc28e7d-87aa-40d0-8569-13b1668644c6",
        "grossValue": 17530,
        "homeNotional": 0.0001753,
        "foreignNotional": 1
    },
    {
        "timestamp": "2019-05-03T12:05:08.063Z",
        "symbol": "XBTUSD",
        "side": "Buy",
        "size": 550,
        "price": 5704.5,
        "tickDirection": "ZeroPlusTick",
        "trdMatchID": "db00c7f5-5a4b-762e-5c28-0bf972d9b86f",
        "grossValue": 9641500,
        "homeNotional": 0.096415,
        "foreignNotional": 550
    },
    {
        "timestamp": "2019-05-03T12:05:08.063Z",
        "symbol": "XBTUSD",
        "side": "Buy",
        "size": 100,
        "price": 5704.5,
        "tickDirection": "ZeroPlusTick",
        "trdMatchID": "b52af4de-4912-19f1-8bb8-057175b20eb3",
        "grossValue": 1753000,
        "homeNotional": 0.01753,
        "foreignNotional": 100
    },
    {
        "timestamp": "2019-05-03T12:05:08.063Z",
        "symbol": "XBTUSD",
        "side": "Buy",
        "size": 24000,
        "price": 5704.5,
        "tickDirection": "ZeroPlusTick",
        "trdMatchID": "3ff57f90-b30e-1819-4ccd-5b1cc9f37bdf",
        "grossValue": 420720000,
        "homeNotional": 4.2072,
        "foreignNotional": 24000
    },
    {
        "timestamp": "2019-05-03T12:05:08.063Z",
        "symbol": "XBTUSD",
        "side": "Buy",
        "size": 15,
        "price": 5704.5,
        "tickDirection": "ZeroPlusTick",
        "trdMatchID": "325d71e9-950e-69cd-2966-c0d3d1269f4d",
        "grossValue": 262950,
        "homeNotional": 0.0026295,
        "foreignNotional": 15
    },
    {
        "timestamp": "2019-05-03T12:05:08.063Z",
        "symbol": "XBTUSD",
        "side": "Buy",
        "size": 30,
        "price": 5704.5,
        "tickDirection": "ZeroPlusTick",
        "trdMatchID": "5f63aabd-5912-8396-1b2d-b8d67a7f5fe6",
        "grossValue": 525900,
        "homeNotional": 0.005259,
        "foreignNotional": 30
    },
    {
        "timestamp": "2019-05-03T12:05:08.063Z",
        "symbol": "XBTUSD",
        "side": "Buy",
        "size": 400,
        "price": 5704.5,
        "tickDirection": "ZeroPlusTick",
        "trdMatchID": "833e1666-f37d-fac0-1bdf-2000073dfc79",
        "grossValue": 7012000,
        "homeNotional": 0.07012,
        "foreignNotional": 400
    },
    {
        "timestamp": "2019-05-03T12:05:08.063Z",
        "symbol": "XBTUSD",
        "side": "Buy",
        "size": 40,
        "price": 5704.5,
        "tickDirection": "ZeroPlusTick",
        "trdMatchID": "77396ec8-f38f-ed59-b87d-45a309c107fa",
        "grossValue": 701200,
        "homeNotional": 0.007012,
        "foreignNotional": 40
    },
    {
        "timestamp": "2019-05-03T12:05:08.063Z",
        "symbol": "XBTUSD",
        "side": "Buy",
        "size": 200000,
        "price": 5704.5,
        "tickDirection": "ZeroPlusTick",
        "trdMatchID": "57ebf8d8-348a-c20a-e3a8-f703e5fe6196",
        "grossValue": 3506000000,
        "homeNotional": 35.06,
        "foreignNotional": 200000
    },
    {
        "timestamp": "2019-05-03T12:05:08.063Z",
        "symbol": "XBTUSD",
        "side": "Buy",
        "size": 440,
        "price": 5704.5,
        "tickDirection": "ZeroPlusTick",
        "trdMatchID": "f2730540-a2ad-e166-78ae-66e63085de19",
        "grossValue": 7713200,
        "homeNotional": 0.077132,
        "foreignNotional": 440
    },
    {
        "timestamp": "2019-05-03T12:05:08.063Z",
        "symbol": "XBTUSD",
        "side": "Buy",
        "size": 5000,
        "price": 5704.5,
        "tickDirection": "ZeroPlusTick",
        "trdMatchID": "ebee06fe-0410-0d9f-df5a-a01b166459ae",
        "grossValue": 87650000,
        "homeNotional": 0.8765,
        "foreignNotional": 5000
    },
    {
        "timestamp": "2019-05-03T12:05:08.063Z",
        "symbol": "XBTUSD",
        "side": "Buy",
        "size": 500,
        "price": 5704.5,
        "tickDirection": "ZeroPlusTick",
        "trdMatchID": "d56316a2-0d8c-5f3d-7b6d-66f7e7fe74fb",
        "grossValue": 8765000,
        "homeNotional": 0.08765,
        "foreignNotional": 500
    },
    {
        "timestamp": "2019-05-03T12:05:08.063Z",
        "symbol": "XBTUSD",
        "side": "Buy",
        "size": 220,
        "price": 5704.5,
        "tickDirection": "ZeroPlusTick",
        "trdMatchID": "41f022ee-5220-ca59-9dc7-2ffaf057ed3f",
        "grossValue": 3856600,
        "homeNotional": 0.038566,
        "foreignNotional": 220
    },
    {
        "timestamp": "2019-05-03T12:05:08.063Z",
        "symbol": "XBTUSD",
        "side": "Buy",
        "size": 100,
        "price": 5704.5,
        "tickDirection": "ZeroPlusTick",
        "trdMatchID": "d3515615-175c-5644-a927-4f731bb4f3e1",
        "grossValue": 1753000,
        "homeNotional": 0.01753,
        "foreignNotional": 100
    },
    {
        "timestamp": "2019-05-03T12:05:08.063Z",
        "symbol": "XBTUSD",
        "side": "Buy",
        "size": 41,
        "price": 5704.5,
        "tickDirection": "ZeroPlusTick",
        "trdMatchID": "54b5b69d-b7d3-1b8f-fd64-0a3b36f7d427",
        "grossValue": 718730,
        "homeNotional": 0.0071873,
        "foreignNotional": 41
    },
    {
        "timestamp": "2019-05-03T12:05:08.063Z",
        "symbol": "XBTUSD",
        "side": "Buy",
        "size": 9,
        "price": 5704.5,
        "tickDirection": "ZeroPlusTick",
        "trdMatchID": "9c2042b7-a61c-8960-d560-910f6e88ee28",
        "grossValue": 157770,
        "homeNotional": 0.0015777,
        "foreignNotional": 9
    },
    {
        "timestamp": "2019-05-03T12:05:08.063Z",
        "symbol": "XBTUSD",
        "side": "Buy",
        "size": 500,
        "price": 5704.5,
        "tickDirection": "ZeroPlusTick",
        "trdMatchID": "f8d066b2-f842-eca2-e5f6-6ef7f4d705b8",
        "grossValue": 8765000,
        "homeNotional": 0.08765,
        "foreignNotional": 500
    },
    {
        "timestamp": "2019-05-03T12:05:08.063Z",
        "symbol": "XBTUSD",
        "side": "Buy",
        "size": 5000,
        "price": 5704.5,
        "tickDirection": "ZeroPlusTick",
        "trdMatchID": "0f78a0d5-00da-6e06-f940-a0fbb09f4038",
        "grossValue": 87650000,
        "homeNotional": 0.8765,
        "foreignNotional": 5000
    },
    {
        "timestamp": "2019-05-03T12:05:08.063Z",
        "symbol": "XBTUSD",
        "side": "Buy",
        "size": 22,
        "price": 5704.5,
        "tickDirection": "ZeroPlusTick",
        "trdMatchID": "d81831a0-5cff-d463-92fb-518cc2cf8955",
        "grossValue": 385660,
        "homeNotional": 0.0038566,
        "foreignNotional": 22
    },
    {
        "timestamp": "2019-05-03T12:05:08.063Z",
        "symbol": "XBTUSD",
        "side": "Buy",
        "size": 17,
        "price": 5704.5,
        "tickDirection": "ZeroPlusTick",
        "trdMatchID": "b83d5874-90d2-5868-f33d-b98dc507bd6b",
        "grossValue": 298010,
        "homeNotional": 0.0029801,
        "foreignNotional": 17
    },
    {
        "timestamp": "2019-05-03T12:05:08.063Z",
        "symbol": "XBTUSD",
        "side": "Buy",
        "size": 50,
        "price": 5705,
        "tickDirection": "PlusTick",
        "trdMatchID": "945c77d0-6268-95ad-0d84-b577bbee284b",
        "grossValue": 876400,
        "homeNotional": 0.008764,
        "foreignNotional": 50
    },
    {
        "timestamp": "2019-05-03T12:05:08.063Z",
        "symbol": "XBTUSD",
        "side": "Buy",
        "size": 5000,
        "price": 5705,
        "tickDirection": "ZeroPlusTick",
        "trdMatchID": "b4e0ef96-d1b1-6c82-07f5-709306ad82c2",
        "grossValue": 87640000,
        "homeNotional": 0.8764,
        "foreignNotional": 5000
    },
    {
        "timestamp": "2019-05-03T12:05:08.063Z",
        "symbol": "XBTUSD",
        "side": "Buy",
        "size": 100,
        "price": 5705,
        "tickDirection": "ZeroPlusTick",
        "trdMatchID": "2cf97d3a-4515-feba-00c8-2cb3d78587a6",
        "grossValue": 1752800,
        "homeNotional": 0.017528,
        "foreignNotional": 100
    },
    {
        "timestamp": "2019-05-03T12:05:08.063Z",
        "symbol": "XBTUSD",
        "side": "Buy",
        "size": 200,
        "price": 5705,
        "tickDirection": "ZeroPlusTick",
        "trdMatchID": "1ed471a2-22a2-498e-e230-93c7283f8edb",
        "grossValue": 3505600,
        "homeNotional": 0.035056,
        "foreignNotional": 200
    },
    {
        "timestamp": "2019-05-03T12:05:08.063Z",
        "symbol": "XBTUSD",
        "side": "Buy",
        "size": 15,
        "price": 5705,
        "tickDirection": "ZeroPlusTick",
        "trdMatchID": "edb9d25d-68f9-fc16-9093-496280c1e86c",
        "grossValue": 262920,
        "homeNotional": 0.0026292,
        "foreignNotional": 15
    },
    {
        "timestamp": "2019-05-03T12:05:08.063Z",
        "symbol": "XBTUSD",
        "side": "Buy",
        "size": 150,
        "price": 5705,
        "tickDirection": "ZeroPlusTick",
        "trdMatchID": "87a09962-5549-30be-a754-4e39543247cc",
        "grossValue": 2629200,
        "homeNotional": 0.026292,
        "foreignNotional": 150
    },
    {
        "timestamp": "2019-05-03T12:05:08.063Z",
        "symbol": "XBTUSD",
        "side": "Buy",
        "size": 114,
        "price": 5705,
        "tickDirection": "ZeroPlusTick",
        "trdMatchID": "80c972d9-d205-fdc2-f874-6ec4195f1cdf",
        "grossValue": 1998192,
        "homeNotional": 0.01998192,
        "foreignNotional": 114
    },
    {
        "timestamp": "2019-05-03T12:05:08.063Z",
        "symbol": "XBTUSD",
        "side": "Buy",
        "size": 13,
        "price": 5705,
        "tickDirection": "ZeroPlusTick",
        "trdMatchID": "f0ad4ab1-1e15-35d5-26fd-bfa6ac859c4c",
        "grossValue": 227864,
        "homeNotional": 0.00227864,
        "foreignNotional": 13
    },
    {
        "timestamp": "2019-05-03T12:05:08.063Z",
        "symbol": "XBTUSD",
        "side": "Buy",
        "size": 10000,
        "price": 5705,
        "tickDirection": "ZeroPlusTick",
        "trdMatchID": "47130c8a-e794-238a-7bb7-3aa65521b61b",
        "grossValue": 175280000,
        "homeNotional": 1.7528,
        "foreignNotional": 10000
    },
    {
        "timestamp": "2019-05-03T12:05:08.063Z",
        "symbol": "XBTUSD",
        "side": "Buy",
        "size": 20000,
        "price": 5705,
        "tickDirection": "ZeroPlusTick",
        "trdMatchID": "f5da6b1b-b773-857e-536f-04c4b89b02ed",
        "grossValue": 350560000,
        "homeNotional": 3.5056,
        "foreignNotional": 20000
    },
    {
        "timestamp": "2019-05-03T12:05:08.063Z",
        "symbol": "XBTUSD",
        "side": "Buy",
        "size": 100,
        "price": 5705,
        "tickDirection": "ZeroPlusTick",
        "trdMatchID": "131864c4-b5e2-b652-2c5d-6fbb04642f7f",
        "grossValue": 1752800,
        "homeNotional": 0.017528,
        "foreignNotional": 100
    },
    {
        "timestamp": "2019-05-03T12:05:08.063Z",
        "symbol": "XBTUSD",
        "side": "Buy",
        "size": 250,
        "price": 5705,
        "tickDirection": "ZeroPlusTick",
        "trdMatchID": "d7720204-a8c8-910c-0ac4-bcb93c3632f5",
        "grossValue": 4382000,
        "homeNotional": 0.04382,
        "foreignNotional": 250
    },
    {
        "timestamp": "2019-05-03T12:05:08.063Z",
        "symbol": "XBTUSD",
        "side": "Buy",
        "size": 100,
        "price": 5705,
        "tickDirection": "ZeroPlusTick",
        "trdMatchID": "9890471a-65ce-7041-4645-c3e59002e411",
        "grossValue": 1752800,
        "homeNotional": 0.017528,
        "foreignNotional": 100
    },
    {
        "timestamp": "2019-05-03T12:05:08.063Z",
        "symbol": "XBTUSD",
        "side": "Buy",
        "size": 35,
        "price": 5705,
        "tickDirection": "ZeroPlusTick",
        "trdMatchID": "07402018-e4ec-38ef-d570-93aba0c13c96",
        "grossValue": 613480,
        "homeNotional": 0.0061348,
        "foreignNotional": 35
    },
    {
        "timestamp": "2019-05-03T12:05:08.063Z",
        "symbol": "XBTUSD",
        "side": "Buy",
        "size": 250,
        "price": 5705,
        "tickDirection": "ZeroPlusTick",
        "trdMatchID": "fd6065bf-3eb2-2ca5-03c2-03ebe4a36771",
        "grossValue": 4382000,
        "homeNotional": 0.04382,
        "foreignNotional": 250
    },
    {
        "timestamp": "2019-05-03T12:05:08.063Z",
        "symbol": "XBTUSD",
        "side": "Buy",
        "size": 250,
        "price": 5705,
        "tickDirection": "ZeroPlusTick",
        "trdMatchID": "89c4d1f7-d30d-b174-eb39-64f83c5fd762",
        "grossValue": 4382000,
        "homeNotional": 0.04382,
        "foreignNotional": 250
    },
    {
        "timestamp": "2019-05-03T12:05:08.063Z",
        "symbol": "XBTUSD",
        "side": "Buy",
        "size": 870,
        "price": 5705,
        "tickDirection": "ZeroPlusTick",
        "trdMatchID": "a83a4d06-a85e-571d-9c94-3dfcbf3291d5",
        "grossValue": 15249360,
        "homeNotional": 0.1524936,
        "foreignNotional": 870
    },
    {
        "timestamp": "2019-05-03T12:05:08.063Z",
        "symbol": "XBTUSD",
        "side": "Buy",
        "size": 51,
        "price": 5705,
        "tickDirection": "ZeroPlusTick",
        "trdMatchID": "813ec2b6-40dc-0b8e-2a65-9bd99e55b3c0",
        "grossValue": 893928,
        "homeNotional": 0.00893928,
        "foreignNotional": 51
    },
    {
        "timestamp": "2019-05-03T12:05:08.063Z",
        "symbol": "XBTUSD",
        "side": "Buy",
        "size": 2000,
        "price": 5705,
        "tickDirection": "ZeroPlusTick",
        "trdMatchID": "29112b34-54aa-5702-f636-1d03a89f3798",
        "grossValue": 35056000,
        "homeNotional": 0.35056,
        "foreignNotional": 2000
    },
    {
        "timestamp": "2019-05-03T12:05:08.063Z",
        "symbol": "XBTUSD",
        "side": "Buy",
        "size": 2806,
        "price": 5705,
        "tickDirection": "ZeroPlusTick",
        "trdMatchID": "98e35060-59db-add6-5220-4993dfc10af2",
        "grossValue": 49183568,
        "homeNotional": 0.49183568,
        "foreignNotional": 2806
    },
    {
        "timestamp": "2019-05-03T12:05:08.063Z",
        "symbol": "XBTUSD",
        "side": "Buy",
        "size": 1000,
        "price": 5705,
        "tickDirection": "ZeroPlusTick",
        "trdMatchID": "90982f39-3f42-d06c-9717-92c162bb43c2",
        "grossValue": 17528000,
        "homeNotional": 0.17528,
        "foreignNotional": 1000
    },
    {
        "timestamp": "2019-05-03T12:05:08.063Z",
        "symbol": "XBTUSD",
        "side": "Buy",
        "size": 10000,
        "price": 5705,
        "tickDirection": "ZeroPlusTick",
        "trdMatchID": "1a61acca-97a7-214e-dbc3-dd0d7744b82b",
        "grossValue": 175280000,
        "homeNotional": 1.7528,
        "foreignNotional": 10000
    },
    {
        "timestamp": "2019-05-03T12:05:08.063Z",
        "symbol": "XBTUSD",
        "side": "Buy",
        "size": 61,
        "price": 5705,
        "tickDirection": "ZeroPlusTick",
        "trdMatchID": "fb244a76-3e43-033d-8801-f5f8f8bce70e",
        "grossValue": 1069208,
        "homeNotional": 0.01069208,
        "foreignNotional": 61
    },
    {
        "timestamp": "2019-05-03T12:05:08.063Z",
        "symbol": "XBTUSD",
        "side": "Buy",
        "size": 36,
        "price": 5705,
        "tickDirection": "ZeroPlusTick",
        "trdMatchID": "ebdd2f99-56cf-af4c-d38b-303ae29cf208",
        "grossValue": 631008,
        "homeNotional": 0.00631008,
        "foreignNotional": 36
    },
    {
        "timestamp": "2019-05-03T12:05:08.063Z",
        "symbol": "XBTUSD",
        "side": "Buy",
        "size": 1210,
        "price": 5705,
        "tickDirection": "ZeroPlusTick",
        "trdMatchID": "07f915ec-46e7-a8a9-45ae-149b1593e83a",
        "grossValue": 21208880,
        "homeNotional": 0.2120888,
        "foreignNotional": 1210
    },
    {
        "timestamp": "2019-05-03T12:05:08.063Z",
        "symbol": "XBTUSD",
        "side": "Buy",
        "size": 46,
        "price": 5705,
        "tickDirection": "ZeroPlusTick",
        "trdMatchID": "6de4a300-7558-1614-4de1-629d5b8e86b8",
        "grossValue": 806288,
        "homeNotional": 0.00806288,
        "foreignNotional": 46
    },
    {
        "timestamp": "2019-05-03T12:05:08.063Z",
        "symbol": "XBTUSD",
        "side": "Buy",
        "size": 500,
        "price": 5705,
        "tickDirection": "ZeroPlusTick",
        "trdMatchID": "519cbd67-6926-9c44-bfe1-811e3cd09d39",
        "grossValue": 8764000,
        "homeNotional": 0.08764,
        "foreignNotional": 500
    },
    {
        "timestamp": "2019-05-03T12:05:08.063Z",
        "symbol": "XBTUSD",
        "side": "Buy",
        "size": 1001,
        "price": 5705,
        "tickDirection": "ZeroPlusTick",
        "trdMatchID": "c0b89a02-3175-aad1-0e38-31a090785eba",
        "grossValue": 17545528,
        "homeNotional": 0.17545528,
        "foreignNotional": 1001
    },
    {
        "timestamp": "2019-05-03T12:05:08.063Z",
        "symbol": "XBTUSD",
        "side": "Buy",
        "size": 1001,
        "price": 5705,
        "tickDirection": "ZeroPlusTick",
        "trdMatchID": "651cebaa-ad9e-84b3-dceb-8e4154088228",
        "grossValue": 17545528,
        "homeNotional": 0.17545528,
        "foreignNotional": 1001
    },
    {
        "timestamp": "2019-05-03T12:05:08.063Z",
        "symbol": "XBTUSD",
        "side": "Buy",
        "size": 4000,
        "price": 5705,
        "tickDirection": "ZeroPlusTick",
        "trdMatchID": "08d34de2-c924-6e38-c6ae-c684facb0bf5",
        "grossValue": 70112000,
        "homeNotional": 0.70112,
        "foreignNotional": 4000
    },
    {
        "timestamp": "2019-05-03T12:05:08.063Z",
        "symbol": "XBTUSD",
        "side": "Buy",
        "size": 15,
        "price": 5705,
        "tickDirection": "ZeroPlusTick",
        "trdMatchID": "204a68fc-0622-e290-3c5a-141b18a4efac",
        "grossValue": 262920,
        "homeNotional": 0.0026292,
        "foreignNotional": 15
    },
    {
        "timestamp": "2019-05-03T12:05:08.063Z",
        "symbol": "XBTUSD",
        "side": "Buy",
        "size": 100000,
        "price": 5705,
        "tickDirection": "ZeroPlusTick",
        "trdMatchID": "48f04d6d-91f3-2286-4e05-9a61463fd4f3",
        "grossValue": 1752800000,
        "homeNotional": 17.528,
        "foreignNotional": 100000
    },
    {
        "timestamp": "2019-05-03T12:05:08.063Z",
        "symbol": "XBTUSD",
        "side": "Buy",
        "size": 8,
        "price": 5705,
        "tickDirection": "ZeroPlusTick",
        "trdMatchID": "55eb0279-f0d9-5d4b-a2fb-687d7b2a2b1a",
        "grossValue": 140224,
        "homeNotional": 0.00140224,
        "foreignNotional": 8
    },
    {
        "timestamp": "2019-05-03T12:05:08.063Z",
        "symbol": "XBTUSD",
        "side": "Buy",
        "size": 20,
        "price": 5705,
        "tickDirection": "ZeroPlusTick",
        "trdMatchID": "8d2d6132-bbd5-8c48-f2f8-d79d53321bd6",
        "grossValue": 350560,
        "homeNotional": 0.0035056,
        "foreignNotional": 20
    },
    {
        "timestamp": "2019-05-03T12:05:08.063Z",
        "symbol": "XBTUSD",
        "side": "Buy",
        "size": 40997,
        "price": 5705,
        "tickDirection": "ZeroPlusTick",
        "trdMatchID": "50b01c5a-d206-432e-0dbe-50dceff3e876",
        "grossValue": 718595416,
        "homeNotional": 7.18595416,
        "foreignNotional": 40997
    },
    {
        "timestamp": "2019-05-03T12:05:08.063Z",
        "symbol": "XBTUSD",
        "side": "Buy",
        "size": 100,
        "price": 5705,
        "tickDirection": "ZeroPlusTick",
        "trdMatchID": "e2c86fc1-9fd5-9a09-dc72-48fd6c47f267",
        "grossValue": 1752800,
        "homeNotional": 0.017528,
        "foreignNotional": 100
    },
    {
        "timestamp": "2019-05-03T12:05:08.063Z",
        "symbol": "XBTUSD",
        "side": "Buy",
        "size": 100,
        "price": 5705,
        "tickDirection": "ZeroPlusTick",
        "trdMatchID": "4cf92251-5dc3-95a1-88bf-e14328406fc2",
        "grossValue": 1752800,
        "homeNotional": 0.017528,
        "foreignNotional": 100
    },
    {
        "timestamp": "2019-05-03T12:05:08.063Z",
        "symbol": "XBTUSD",
        "side": "Buy",
        "size": 40,
        "price": 5705,
        "tickDirection": "ZeroPlusTick",
        "trdMatchID": "1b31d155-0fcc-6730-2cec-a8facb0d356a",
        "grossValue": 701120,
        "homeNotional": 0.0070112,
        "foreignNotional": 40
    },
    {
        "timestamp": "2019-05-03T12:05:08.063Z",
        "symbol": "XBTUSD",
        "side": "Buy",
        "size": 100,
        "price": 5705,
        "tickDirection": "ZeroPlusTick",
        "trdMatchID": "4e1222ed-2a10-db9e-278e-97dda01a8b2c",
        "grossValue": 1752800,
        "homeNotional": 0.017528,
        "foreignNotional": 100
    },
    {
        "timestamp": "2019-05-03T12:05:08.063Z",
        "symbol": "XBTUSD",
        "side": "Buy",
        "size": 500,
        "price": 5705,
        "tickDirection": "ZeroPlusTick",
        "trdMatchID": "0b3903f2-c0dc-5b0c-aa8b-d8c9c15d9050",
        "grossValue": 8764000,
        "homeNotional": 0.08764,
        "foreignNotional": 500
    },
    {
        "timestamp": "2019-05-03T12:05:08.063Z",
        "symbol": "XBTUSD",
        "side": "Buy",
        "size": 5,
        "price": 5705,
        "tickDirection": "ZeroPlusTick",
        "trdMatchID": "ac38ec7c-80d7-3e2a-9067-e67930f82a77",
        "grossValue": 87640,
        "homeNotional": 0.0008764,
        "foreignNotional": 5
    },
    {
        "timestamp": "2019-05-03T12:05:08.063Z",
        "symbol": "XBTUSD",
        "side": "Buy",
        "size": 100,
        "price": 5705,
        "tickDirection": "ZeroPlusTick",
        "trdMatchID": "71cbfdc4-7abd-fd5e-00ca-e4b40a5419a7",
        "grossValue": 1752800,
        "homeNotional": 0.017528,
        "foreignNotional": 100
    },
    {
        "timestamp": "2019-05-03T12:05:08.063Z",
        "symbol": "XBTUSD",
        "side": "Buy",
        "size": 3000,
        "price": 5705,
        "tickDirection": "ZeroPlusTick",
        "trdMatchID": "9b364bff-8589-0544-8f66-1046754cefe2",
        "grossValue": 52584000,
        "homeNotional": 0.52584,
        "foreignNotional": 3000
    },
    {
        "timestamp": "2019-05-03T12:05:08.063Z",
        "symbol": "XBTUSD",
        "side": "Buy",
        "size": 1919,
        "price": 5705,
        "tickDirection": "ZeroPlusTick",
        "trdMatchID": "bbfe8cab-6fd1-6f9c-a612-4cfa66716ac1",
        "grossValue": 33636232,
        "homeNotional": 0.33636232,
        "foreignNotional": 1919
    },
    {
        "timestamp": "2019-05-03T12:05:08.063Z",
        "symbol": "XBTUSD",
        "side": "Buy",
        "size": 1919,
        "price": 5705,
        "tickDirection": "ZeroPlusTick",
        "trdMatchID": "ff58ab81-d5a8-3ecc-0119-93eeaf4481fd",
        "grossValue": 33636232,
        "homeNotional": 0.33636232,
        "foreignNotional": 1919
    },
    {
        "timestamp": "2019-05-03T12:05:08.063Z",
        "symbol": "XBTUSD",
        "side": "Buy",
        "size": 25000,
        "price": 5705,
        "tickDirection": "ZeroPlusTick",
        "trdMatchID": "8e577d10-3d43-46a2-1cc9-03f83793c4c4",
        "grossValue": 438200000,
        "homeNotional": 4.382,
        "foreignNotional": 25000
    },
    {
        "timestamp": "2019-05-03T12:05:08.063Z",
        "symbol": "XBTUSD",
        "side": "Buy",
        "size": 5000,
        "price": 5705,
        "tickDirection": "ZeroPlusTick",
        "trdMatchID": "6c424b80-2f72-c23d-ee9a-f1bcbc9daf31",
        "grossValue": 87640000,
        "homeNotional": 0.8764,
        "foreignNotional": 5000
    },
    {
        "timestamp": "2019-05-03T12:05:08.063Z",
        "symbol": "XBTUSD",
        "side": "Buy",
        "size": 11633,
        "price": 5705,
        "tickDirection": "ZeroPlusTick",
        "trdMatchID": "4ddd5c3b-6261-c334-6877-77753fdb923b",
        "grossValue": 203903224,
        "homeNotional": 2.03903224,
        "foreignNotional": 11633
    },
    {
        "timestamp": "2019-05-03T12:05:08.063Z",
        "symbol": "XBTUSD",
        "side": "Buy",
        "size": 5,
        "price": 5705,
        "tickDirection": "ZeroPlusTick",
        "trdMatchID": "7bde25d1-a764-c7b9-4b5b-999815258d0f",
        "grossValue": 87640,
        "homeNotional": 0.0008764,
        "foreignNotional": 5
    },
    {
        "timestamp": "2019-05-03T12:05:08.063Z",
        "symbol": "XBTUSD",
        "side": "Buy",
        "size": 90,
        "price": 5705,
        "tickDirection": "ZeroPlusTick",
        "trdMatchID": "a36dea06-1fdf-c07e-cc51-a600089596eb",
        "grossValue": 1577520,
        "homeNotional": 0.0157752,
        "foreignNotional": 90
    },
    {
        "timestamp": "2019-05-03T12:05:08.063Z",
        "symbol": "XBTUSD",
        "side": "Buy",
        "size": 2,
        "price": 5705,
        "tickDirection": "ZeroPlusTick",
        "trdMatchID": "f7d8e300-1e80-0092-f778-80e2607adb38",
        "grossValue": 35056,
        "homeNotional": 0.00035056,
        "foreignNotional": 2
    },
    {
        "timestamp": "2019-05-03T12:05:08.063Z",
        "symbol": "XBTUSD",
        "side": "Buy",
        "size": 20,
        "price": 5705,
        "tickDirection": "ZeroPlusTick",
        "trdMatchID": "399f9801-6c79-6b47-7ba5-c97bc979bafd",
        "grossValue": 350560,
        "homeNotional": 0.0035056,
        "foreignNotional": 20
    },
    {
        "timestamp": "2019-05-03T12:05:08.063Z",
        "symbol": "XBTUSD",
        "side": "Buy",
        "size": 1,
        "price": 5705,
        "tickDirection": "ZeroPlusTick",
        "trdMatchID": "43321df7-6328-053a-bebe-7327779ae6fe",
        "grossValue": 17528,
        "homeNotional": 0.00017528,
        "foreignNotional": 1
    },
    {
        "timestamp": "2019-05-03T12:05:08.063Z",
        "symbol": "XBTUSD",
        "side": "Buy",
        "size": 1000,
        "price": 5705,
        "tickDirection": "ZeroPlusTick",
        "trdMatchID": "93039602-5d7a-50ff-0bac-45b90be7525d",
        "grossValue": 17528000,
        "homeNotional": 0.17528,
        "foreignNotional": 1000
    },
    {
        "timestamp": "2019-05-03T12:05:08.063Z",
        "symbol": "XBTUSD",
        "side": "Buy",
        "size": 600,
        "price": 5705,
        "tickDirection": "ZeroPlusTick",
        "trdMatchID": "b06425cf-75d6-d1fa-371e-92e417b65e6d",
        "grossValue": 10516800,
        "homeNotional": 0.105168,
        "foreignNotional": 600
    },
    {
        "timestamp": "2019-05-03T12:05:08.063Z",
        "symbol": "XBTUSD",
        "side": "Buy",
        "size": 133,
        "price": 5705,
        "tickDirection": "ZeroPlusTick",
        "trdMatchID": "7c397e3c-c310-60ed-ba9e-7f7eba7afed7",
        "grossValue": 2331224,
        "homeNotional": 0.02331224,
        "foreignNotional": 133
    },
    {
        "timestamp": "2019-05-03T12:05:08.063Z",
        "symbol": "XBTUSD",
        "side": "Buy",
        "size": 803,
        "price": 5705,
        "tickDirection": "ZeroPlusTick",
        "trdMatchID": "b86189be-35fb-08b0-6619-c31edf1848b1",
        "grossValue": 14074984,
        "homeNotional": 0.14074984,
        "foreignNotional": 803
    },
    {
        "timestamp": "2019-05-03T12:05:08.063Z",
        "symbol": "XBTUSD",
        "side": "Buy",
        "size": 803,
        "price": 5705,
        "tickDirection": "ZeroPlusTick",
        "trdMatchID": "aac6e247-f497-b3ff-d06a-f7b8bc6a8c5d",
        "grossValue": 14074984,
        "homeNotional": 0.14074984,
        "foreignNotional": 803
    },
    {
        "timestamp": "2019-05-03T12:05:08.063Z",
        "symbol": "XBTUSD",
        "side": "Buy",
        "size": 300,
        "price": 5705,
        "tickDirection": "ZeroPlusTick",
        "trdMatchID": "16e0c386-3028-c02a-8cec-c5d4c93eea2c",
        "grossValue": 5258400,
        "homeNotional": 0.052584,
        "foreignNotional": 300
    },
    {
        "timestamp": "2019-05-03T12:05:08.063Z",
        "symbol": "XBTUSD",
        "side": "Buy",
        "size": 23,
        "price": 5705,
        "tickDirection": "ZeroPlusTick",
        "trdMatchID": "c8d50084-be8f-563d-171a-bcd2ab98b551",
        "grossValue": 403144,
        "homeNotional": 0.00403144,
        "foreignNotional": 23
    },
    {
        "timestamp": "2019-05-03T12:05:08.063Z",
        "symbol": "XBTUSD",
        "side": "Buy",
        "size": 17,
        "price": 5705,
        "tickDirection": "ZeroPlusTick",
        "trdMatchID": "9a7e1dca-0ed6-fc63-25db-5f345ad45e23",
        "grossValue": 297976,
        "homeNotional": 0.00297976,
        "foreignNotional": 17
    },
    {
        "timestamp": "2019-05-03T12:05:08.063Z",
        "symbol": "XBTUSD",
        "side": "Buy",
        "size": 9,
        "price": 5705,
        "tickDirection": "ZeroPlusTick",
        "trdMatchID": "5034197f-5373-3445-4eca-06ea0cac7f83",
        "grossValue": 157752,
        "homeNotional": 0.00157752,
        "foreignNotional": 9
    },
    {
        "timestamp": "2019-05-03T12:05:08.063Z",
        "symbol": "XBTUSD",
        "side": "Buy",
        "size": 50,
        "price": 5705.5,
        "tickDirection": "PlusTick",
        "trdMatchID": "50431ae3-4118-d70f-cd6c-4befb914b25e",
        "grossValue": 876350,
        "homeNotional": 0.0087635,
        "foreignNotional": 50
    },
    {
        "timestamp": "2019-05-03T12:05:08.063Z",
        "symbol": "XBTUSD",
        "side": "Buy",
        "size": 40,
        "price": 5705.5,
        "tickDirection": "ZeroPlusTick",
        "trdMatchID": "b22dfe7d-51f9-99c2-dc1b-d3273a215173",
        "grossValue": 701080,
        "homeNotional": 0.0070108,
        "foreignNotional": 40
    },
    {
        "timestamp": "2019-05-03T12:05:08.063Z",
        "symbol": "XBTUSD",
        "side": "Buy",
        "size": 100,
        "price": 5705.5,
        "tickDirection": "ZeroPlusTick",
        "trdMatchID": "c745b0f2-5041-3ccb-2a5c-82a4105bf70b",
        "grossValue": 1752700,
        "homeNotional": 0.017527,
        "foreignNotional": 100
    },
    {
        "timestamp": "2019-05-03T12:05:08.063Z",
        "symbol": "XBTUSD",
        "side": "Buy",
        "size": 25,
        "price": 5705.5,
        "tickDirection": "ZeroPlusTick",
        "trdMatchID": "50ee1c35-0272-3c8f-146e-919d90fd4581",
        "grossValue": 438175,
        "homeNotional": 0.00438175,
        "foreignNotional": 25
    },
    {
        "timestamp": "2019-05-03T12:05:08.063Z",
        "symbol": "XBTUSD",
        "side": "Buy",
        "size": 500,
        "price": 5705.5,
        "tickDirection": "ZeroPlusTick",
        "trdMatchID": "3bbb2f2e-14ea-33aa-acd1-f8980aceba9d",
        "grossValue": 8763500,
        "homeNotional": 0.087635,
        "foreignNotional": 500
    },
    {
        "timestamp": "2019-05-03T12:05:08.063Z",
        "symbol": "XBTUSD",
        "side": "Buy",
        "size": 200,
        "price": 5705.5,
        "tickDirection": "ZeroPlusTick",
        "trdMatchID": "b65894a7-77b5-ad54-8d57-7d69e71b09c4",
        "grossValue": 3505400,
        "homeNotional": 0.035054,
        "foreignNotional": 200
    },
    {
        "timestamp": "2019-05-03T12:05:08.063Z",
        "symbol": "XBTUSD",
        "side": "Buy",
        "size": 5500,
        "price": 5705.5,
        "tickDirection": "ZeroPlusTick",
        "trdMatchID": "3cfa32b3-69a2-170e-8abb-851cbb83808a",
        "grossValue": 96398500,
        "homeNotional": 0.963985,
        "foreignNotional": 5500
    },
    {
        "timestamp": "2019-05-03T12:05:08.063Z",
        "symbol": "XBTUSD",
        "side": "Buy",
        "size": 1000,
        "price": 5705.5,
        "tickDirection": "ZeroPlusTick",
        "trdMatchID": "f27f96de-ce4b-a6f9-8427-a542128681b2",
        "grossValue": 17527000,
        "homeNotional": 0.17527,
        "foreignNotional": 1000
    },
    {
        "timestamp": "2019-05-03T12:05:08.063Z",
        "symbol": "XBTUSD",
        "side": "Buy",
        "size": 20,
        "price": 5705.5,
        "tickDirection": "ZeroPlusTick",
        "trdMatchID": "7adc81ec-f266-9af5-2e94-93e1a6fed6bf",
        "grossValue": 350540,
        "homeNotional": 0.0035054,
        "foreignNotional": 20
    },
    {
        "timestamp": "2019-05-03T12:05:08.063Z",
        "symbol": "XBTUSD",
        "side": "Buy",
        "size": 21,
        "price": 5705.5,
        "tickDirection": "ZeroPlusTick",
        "trdMatchID": "9220058e-915f-447c-428c-0188dffa829e",
        "grossValue": 368067,
        "homeNotional": 0.00368067,
        "foreignNotional": 21
    },
    {
        "timestamp": "2019-05-03T12:05:08.063Z",
        "symbol": "XBTUSD",
        "side": "Buy",
        "size": 100,
        "price": 5705.5,
        "tickDirection": "ZeroPlusTick",
        "trdMatchID": "35860a70-77b3-84ed-0cc4-57ea0abdaa93",
        "grossValue": 1752700,
        "homeNotional": 0.017527,
        "foreignNotional": 100
    },
    {
        "timestamp": "2019-05-03T12:05:08.063Z",
        "symbol": "XBTUSD",
        "side": "Buy",
        "size": 10,
        "price": 5705.5,
        "tickDirection": "ZeroPlusTick",
        "trdMatchID": "f804ebb4-6c91-afb7-1dfb-d52c008ffb9a",
        "grossValue": 175270,
        "homeNotional": 0.0017527,
        "foreignNotional": 10
    },
    {
        "timestamp": "2019-05-03T12:05:08.063Z",
        "symbol": "XBTUSD",
        "side": "Buy",
        "size": 17,
        "price": 5705.5,
        "tickDirection": "ZeroPlusTick",
        "trdMatchID": "f8f43dda-c684-712a-28e5-7573f7b0ee42",
        "grossValue": 297959,
        "homeNotional": 0.00297959,
        "foreignNotional": 17
    },
    {
        "timestamp": "2019-05-03T12:05:08.063Z",
        "symbol": "XBTUSD",
        "side": "Buy",
        "size": 15000,
        "price": 5705.5,
        "tickDirection": "ZeroPlusTick",
        "trdMatchID": "2016bf94-9bda-1898-83b8-c035fab68c61",
        "grossValue": 262905000,
        "homeNotional": 2.62905,
        "foreignNotional": 15000
    },
    {
        "timestamp": "2019-05-03T12:05:08.063Z",
        "symbol": "XBTUSD",
        "side": "Buy",
        "size": 22822,
        "price": 5705.5,
        "tickDirection": "ZeroPlusTick",
        "trdMatchID": "cdbcbee0-5140-f444-2b73-db061ad1b926",
        "grossValue": 400001194,
        "homeNotional": 4.00001194,
        "foreignNotional": 22822
    },
    {
        "timestamp": "2019-05-03T12:05:08.063Z",
        "symbol": "XBTUSD",
        "side": "Buy",
        "size": 24,
        "price": 5705.5,
        "tickDirection": "ZeroPlusTick",
        "trdMatchID": "c193bff5-be2b-2e51-f5c7-7eb6938679e7",
        "grossValue": 420648,
        "homeNotional": 0.00420648,
        "foreignNotional": 24
    },
    {
        "timestamp": "2019-05-03T12:05:08.063Z",
        "symbol": "XBTUSD",
        "side": "Buy",
        "size": 17,
        "price": 5705.5,
        "tickDirection": "ZeroPlusTick",
        "trdMatchID": "db769267-662b-751d-8594-6a1f7bd31893",
        "grossValue": 297959,
        "homeNotional": 0.00297959,
        "foreignNotional": 17
    },
    {
        "timestamp": "2019-05-03T12:05:08.063Z",
        "symbol": "XBTUSD",
        "side": "Buy",
        "size": 5352,
        "price": 5705.5,
        "tickDirection": "ZeroPlusTick",
        "trdMatchID": "3ae190e6-3578-09e4-6c4c-c019c48a6310",
        "grossValue": 93804504,
        "homeNotional": 0.93804504,
        "foreignNotional": 5352
    },
    {
        "timestamp": "2019-05-03T12:05:08.063Z",
        "symbol": "XBTUSD",
        "side": "Buy",
        "size": 50,
        "price": 5706,
        "tickDirection": "PlusTick",
        "trdMatchID": "3d0a2277-2d07-3006-e08e-e4ccf8e7014d",
        "grossValue": 876250,
        "homeNotional": 0.0087625,
        "foreignNotional": 50
    },
    {
        "timestamp": "2019-05-03T12:05:08.063Z",
        "symbol": "XBTUSD",
        "side": "Buy",
        "size": 40951,
        "price": 5706,
        "tickDirection": "ZeroPlusTick",
        "trdMatchID": "bd74fd98-c668-353b-f001-0a6fc757804c",
        "grossValue": 717666275,
        "homeNotional": 7.17666275,
        "foreignNotional": 40951
    },
    {
        "timestamp": "2019-05-03T12:05:08.063Z",
        "symbol": "XBTUSD",
        "side": "Buy",
        "size": 6000,
        "price": 5706,
        "tickDirection": "ZeroPlusTick",
        "trdMatchID": "b8d8239f-9b21-8220-f61d-17cf1baac5f2",
        "grossValue": 105150000,
        "homeNotional": 1.0515,
        "foreignNotional": 6000
    },
    {
        "timestamp": "2019-05-03T12:05:08.063Z",
        "symbol": "XBTUSD",
        "side": "Buy",
        "size": 5,
        "price": 5706,
        "tickDirection": "ZeroPlusTick",
        "trdMatchID": "aa929ed7-d87f-c0d8-c82b-61609d810e92",
        "grossValue": 87625,
        "homeNotional": 0.00087625,
        "foreignNotional": 5
    },
    {
        "timestamp": "2019-05-03T12:05:08.063Z",
        "symbol": "XBTUSD",
        "side": "Buy",
        "size": 100,
        "price": 5706,
        "tickDirection": "ZeroPlusTick",
        "trdMatchID": "167b1cfe-799e-df4b-9ebd-cf1de6a0b4d4",
        "grossValue": 1752500,
        "homeNotional": 0.017525,
        "foreignNotional": 100
    },
    {
        "timestamp": "2019-05-03T12:05:08.063Z",
        "symbol": "XBTUSD",
        "side": "Buy",
        "size": 20,
        "price": 5706,
        "tickDirection": "ZeroPlusTick",
        "trdMatchID": "f45fa48e-71e0-4039-aa23-b7cbc5de5a9e",
        "grossValue": 350500,
        "homeNotional": 0.003505,
        "foreignNotional": 20
    },
    {
        "timestamp": "2019-05-03T12:05:08.063Z",
        "symbol": "XBTUSD",
        "side": "Buy",
        "size": 100,
        "price": 5706,
        "tickDirection": "ZeroPlusTick",
        "trdMatchID": "5b85d405-9fcb-48fd-5040-d165ed3099e1",
        "grossValue": 1752500,
        "homeNotional": 0.017525,
        "foreignNotional": 100
    },
    {
        "timestamp": "2019-05-03T12:05:08.063Z",
        "symbol": "XBTUSD",
        "side": "Buy",
        "size": 17,
        "price": 5706,
        "tickDirection": "ZeroPlusTick",
        "trdMatchID": "ba2930d1-90f3-f24b-7588-43bc75e55212",
        "grossValue": 297925,
        "homeNotional": 0.00297925,
        "foreignNotional": 17
    },
    {
        "timestamp": "2019-05-03T12:05:08.063Z",
        "symbol": "XBTUSD",
        "side": "Buy",
        "size": 50,
        "price": 5706,
        "tickDirection": "ZeroPlusTick",
        "trdMatchID": "0ad8d50d-257e-b386-e6c4-38f7858ef331",
        "grossValue": 876250,
        "homeNotional": 0.0087625,
        "foreignNotional": 50
    },
    {
        "timestamp": "2019-05-03T12:05:08.063Z",
        "symbol": "XBTUSD",
        "side": "Buy",
        "size": 15,
        "price": 5706,
        "tickDirection": "ZeroPlusTick",
        "trdMatchID": "a41d20b8-6542-4da1-b465-72e07c12bf89",
        "grossValue": 262875,
        "homeNotional": 0.00262875,
        "foreignNotional": 15
    },
    {
        "timestamp": "2019-05-03T12:05:08.063Z",
        "symbol": "XBTUSD",
        "side": "Buy",
        "size": 100,
        "price": 5706,
        "tickDirection": "ZeroPlusTick",
        "trdMatchID": "afcaf36d-c335-5f16-9b56-fdda3481632e",
        "grossValue": 1752500,
        "homeNotional": 0.017525,
        "foreignNotional": 100
    },
    {
        "timestamp": "2019-05-03T12:05:08.063Z",
        "symbol": "XBTUSD",
        "side": "Buy",
        "size": 100,
        "price": 5706,
        "tickDirection": "ZeroPlusTick",
        "trdMatchID": "09b02332-4c9c-865a-19d0-3e9dbd087e91",
        "grossValue": 1752500,
        "homeNotional": 0.017525,
        "foreignNotional": 100
    },
    {
        "timestamp": "2019-05-03T12:05:08.063Z",
        "symbol": "XBTUSD",
        "side": "Buy",
        "size": 1800,
        "price": 5706,
        "tickDirection": "ZeroPlusTick",
        "trdMatchID": "38a261e5-e603-dbf6-6e48-37f172b7cf6a",
        "grossValue": 31545000,
        "homeNotional": 0.31545,
        "foreignNotional": 1800
    },
    {
        "timestamp": "2019-05-03T12:05:08.063Z",
        "symbol": "XBTUSD",
        "side": "Buy",
        "size": 200,
        "price": 5706,
        "tickDirection": "ZeroPlusTick",
        "trdMatchID": "8493f9c6-a263-61e8-2497-06509d2e8cb5",
        "grossValue": 3505000,
        "homeNotional": 0.03505,
        "foreignNotional": 200
    },
    {
        "timestamp": "2019-05-03T12:05:08.063Z",
        "symbol": "XBTUSD",
        "side": "Buy",
        "size": 1999,
        "price": 5706,
        "tickDirection": "ZeroPlusTick",
        "trdMatchID": "93a89063-bdec-793c-5cd7-cb15c5b56042",
        "grossValue": 35032475,
        "homeNotional": 0.35032475,
        "foreignNotional": 1999
    },
    {
        "timestamp": "2019-05-03T12:05:08.063Z",
        "symbol": "XBTUSD",
        "side": "Buy",
        "size": 100,
        "price": 5706,
        "tickDirection": "ZeroPlusTick",
        "trdMatchID": "b6e6ab45-cc0e-94e8-1ea7-00cc7071322f",
        "grossValue": 1752500,
        "homeNotional": 0.017525,
        "foreignNotional": 100
    },
    {
        "timestamp": "2019-05-03T12:05:08.063Z",
        "symbol": "XBTUSD",
        "side": "Buy",
        "size": 180,
        "price": 5706,
        "tickDirection": "ZeroPlusTick",
        "trdMatchID": "e64096ee-084b-2556-53b4-c3ab8b209353",
        "grossValue": 3154500,
        "homeNotional": 0.031545,
        "foreignNotional": 180
    },
    {
        "timestamp": "2019-05-03T12:05:08.063Z",
        "symbol": "XBTUSD",
        "side": "Buy",
        "size": 250,
        "price": 5706,
        "tickDirection": "ZeroPlusTick",
        "trdMatchID": "f75e2f58-2040-6cca-15e4-0af82c1649ce",
        "grossValue": 4381250,
        "homeNotional": 0.0438125,
        "foreignNotional": 250
    },
    {
        "timestamp": "2019-05-03T12:05:08.063Z",
        "symbol": "XBTUSD",
        "side": "Buy",
        "size": 250,
        "price": 5706,
        "tickDirection": "ZeroPlusTick",
        "trdMatchID": "6534dc37-a703-9a1d-94dc-ade34067a7c2",
        "grossValue": 4381250,
        "homeNotional": 0.0438125,
        "foreignNotional": 250
    },
    {
        "timestamp": "2019-05-03T12:05:08.063Z",
        "symbol": "XBTUSD",
        "side": "Buy",
        "size": 25,
        "price": 5706,
        "tickDirection": "ZeroPlusTick",
        "trdMatchID": "9500ed46-ec08-03d5-e951-3d3643512e07",
        "grossValue": 438125,
        "homeNotional": 0.00438125,
        "foreignNotional": 25
    },
    {
        "timestamp": "2019-05-03T12:05:08.063Z",
        "symbol": "XBTUSD",
        "side": "Buy",
        "size": 8969,
        "price": 5706,
        "tickDirection": "ZeroPlusTick",
        "trdMatchID": "6fcd77f0-01a3-db94-bc6e-78c5852f30d2",
        "grossValue": 157181725,
        "homeNotional": 1.57181725,
        "foreignNotional": 8969
    },
    {
        "timestamp": "2019-05-03T12:05:08.063Z",
        "symbol": "XBTUSD",
        "side": "Buy",
        "size": 688,
        "price": 5706,
        "tickDirection": "ZeroPlusTick",
        "trdMatchID": "fa5514a5-2d47-c56b-ada3-ec609c8797bd",
        "grossValue": 12057200,
        "homeNotional": 0.120572,
        "foreignNotional": 688
    },
    {
        "timestamp": "2019-05-03T12:05:08.063Z",
        "symbol": "XBTUSD",
        "side": "Buy",
        "size": 7533,
        "price": 5706,
        "tickDirection": "ZeroPlusTick",
        "trdMatchID": "b4359be9-7f25-856b-7080-546d4ccd1b54",
        "grossValue": 132015825,
        "homeNotional": 1.32015825,
        "foreignNotional": 7533
    },
    {
        "timestamp": "2019-05-03T12:05:08.063Z",
        "symbol": "XBTUSD",
        "side": "Buy",
        "size": 10,
        "price": 5706,
        "tickDirection": "ZeroPlusTick",
        "trdMatchID": "0613bfec-43ce-c8b9-29cc-9438763b81dd",
        "grossValue": 175250,
        "homeNotional": 0.0017525,
        "foreignNotional": 10
    },
    {
        "timestamp": "2019-05-03T12:05:08.063Z",
        "symbol": "XBTUSD",
        "side": "Buy",
        "size": 102,
        "price": 5706,
        "tickDirection": "ZeroPlusTick",
        "trdMatchID": "f310d389-45ce-7eb4-3758-6d35d7d3869f",
        "grossValue": 1787550,
        "homeNotional": 0.0178755,
        "foreignNotional": 102
    },
    {
        "timestamp": "2019-05-03T12:05:08.063Z",
        "symbol": "XBTUSD",
        "side": "Buy",
        "size": 6498,
        "price": 5706,
        "tickDirection": "ZeroPlusTick",
        "trdMatchID": "6a1519ec-4fe7-3d40-91e8-342ed7929157",
        "grossValue": 113877450,
        "homeNotional": 1.1387745,
        "foreignNotional": 6498
    },
    {
        "timestamp": "2019-05-03T12:05:08.063Z",
        "symbol": "XBTUSD",
        "side": "Buy",
        "size": 2576,
        "price": 5706,
        "tickDirection": "ZeroPlusTick",
        "trdMatchID": "10ed8994-549d-962d-5c63-5066f65f8710",
        "grossValue": 45144400,
        "homeNotional": 0.451444,
        "foreignNotional": 2576
    },
    {
        "timestamp": "2019-05-03T12:05:08.063Z",
        "symbol": "XBTUSD",
        "side": "Buy",
        "size": 13000,
        "price": 5706,
        "tickDirection": "ZeroPlusTick",
        "trdMatchID": "2a5c16f1-7b63-584b-c0d1-17ef5227ef2a",
        "grossValue": 227825000,
        "homeNotional": 2.27825,
        "foreignNotional": 13000
    },
    {
        "timestamp": "2019-05-03T12:05:08.063Z",
        "symbol": "XBTUSD",
        "side": "Buy",
        "size": 422,
        "price": 5706,
        "tickDirection": "ZeroPlusTick",
        "trdMatchID": "3cefe692-8c35-8eb8-7545-1be545c12e90",
        "grossValue": 7395550,
        "homeNotional": 0.0739555,
        "foreignNotional": 422
    },
    {
        "timestamp": "2019-05-03T12:05:08.063Z",
        "symbol": "XBTUSD",
        "side": "Buy",
        "size": 420,
        "price": 5706,
        "tickDirection": "ZeroPlusTick",
        "trdMatchID": "a3561b84-05da-68b0-5b97-2d25516af8f2",
        "grossValue": 7360500,
        "homeNotional": 0.073605,
        "foreignNotional": 420
    },
    {
        "timestamp": "2019-05-03T12:05:08.063Z",
        "symbol": "XBTUSD",
        "side": "Buy",
        "size": 425,
        "price": 5706,
        "tickDirection": "ZeroPlusTick",
        "trdMatchID": "e288b03c-d3af-3f6d-88c9-1361ca5a6bbe",
        "grossValue": 7448125,
        "homeNotional": 0.07448125,
        "foreignNotional": 425
    },
    {
        "timestamp": "2019-05-03T12:05:08.063Z",
        "symbol": "XBTUSD",
        "side": "Buy",
        "size": 32,
        "price": 5706,
        "tickDirection": "ZeroPlusTick",
        "trdMatchID": "7ad2a580-0f3b-17ff-7fc8-00d9e871e590",
        "grossValue": 560800,
        "homeNotional": 0.005608,
        "foreignNotional": 32
    },
    {
        "timestamp": "2019-05-03T12:05:08.063Z",
        "symbol": "XBTUSD",
        "side": "Buy",
        "size": 100,
        "price": 5706,
        "tickDirection": "ZeroPlusTick",
        "trdMatchID": "913f56b8-99a2-024d-45b7-ce1d3850ef44",
        "grossValue": 1752500,
        "homeNotional": 0.017525,
        "foreignNotional": 100
    },
    {
        "timestamp": "2019-05-03T12:05:08.063Z",
        "symbol": "XBTUSD",
        "side": "Buy",
        "size": 427,
        "price": 5706,
        "tickDirection": "ZeroPlusTick",
        "trdMatchID": "d693d7c6-e8cc-11a5-1aa1-23b467ac78ef",
        "grossValue": 7483175,
        "homeNotional": 0.07483175,
        "foreignNotional": 427
    },
    {
        "timestamp": "2019-05-03T12:05:08.063Z",
        "symbol": "XBTUSD",
        "side": "Buy",
        "size": 2057,
        "price": 5706,
        "tickDirection": "ZeroPlusTick",
        "trdMatchID": "6f36d51d-0a8c-7393-138e-ff3a66bec4f5",
        "grossValue": 36048925,
        "homeNotional": 0.36048925,
        "foreignNotional": 2057
    },
    {
        "timestamp": "2019-05-03T12:05:08.063Z",
        "symbol": "XBTUSD",
        "side": "Buy",
        "size": 200,
        "price": 5706,
        "tickDirection": "ZeroPlusTick",
        "trdMatchID": "e58aab2e-db39-c6de-961c-89d9c402dbc6",
        "grossValue": 3505000,
        "homeNotional": 0.03505,
        "foreignNotional": 200
    },
    {
        "timestamp": "2019-05-03T12:05:08.063Z",
        "symbol": "XBTUSD",
        "side": "Buy",
        "size": 434,
        "price": 5706,
        "tickDirection": "ZeroPlusTick",
        "trdMatchID": "1a7d893a-e234-5e82-fc74-93794685d5d6",
        "grossValue": 7605850,
        "homeNotional": 0.0760585,
        "foreignNotional": 434
    },
    {
        "timestamp": "2019-05-03T12:05:08.063Z",
        "symbol": "XBTUSD",
        "side": "Buy",
        "size": 434,
        "price": 5706,
        "tickDirection": "ZeroPlusTick",
        "trdMatchID": "01eaf131-ea8a-0985-65a5-ddbcb773b011",
        "grossValue": 7605850,
        "homeNotional": 0.0760585,
        "foreignNotional": 434
    },
    {
        "timestamp": "2019-05-03T12:05:08.063Z",
        "symbol": "XBTUSD",
        "side": "Buy",
        "size": 67,
        "price": 5706,
        "tickDirection": "ZeroPlusTick",
        "trdMatchID": "9d60baab-d83e-4419-09ce-c3fd12ea3bd3",
        "grossValue": 1174175,
        "homeNotional": 0.01174175,
        "foreignNotional": 67
    },
    {
        "timestamp": "2019-05-03T12:05:08.063Z",
        "symbol": "XBTUSD",
        "side": "Buy",
        "size": 18000,
        "price": 5706,
        "tickDirection": "ZeroPlusTick",
        "trdMatchID": "364a5862-2a35-404d-822d-bae63ad3dd6d",
        "grossValue": 315450000,
        "homeNotional": 3.1545,
        "foreignNotional": 18000
    },
    {
        "timestamp": "2019-05-03T12:05:08.063Z",
        "symbol": "XBTUSD",
        "side": "Buy",
        "size": 25,
        "price": 5706,
        "tickDirection": "ZeroPlusTick",
        "trdMatchID": "9feacce1-b305-a59a-61fa-0cbde0c528a1",
        "grossValue": 438125,
        "homeNotional": 0.00438125,
        "foreignNotional": 25
    },
    {
        "timestamp": "2019-05-03T12:05:08.063Z",
        "symbol": "XBTUSD",
        "side": "Buy",
        "size": 17,
        "price": 5706,
        "tickDirection": "ZeroPlusTick",
        "trdMatchID": "c45a0c04-992b-d5c3-be8e-a524599b2546",
        "grossValue": 297925,
        "homeNotional": 0.00297925,
        "foreignNotional": 17
    },
    {
        "timestamp": "2019-05-03T12:05:08.063Z",
        "symbol": "XBTUSD",
        "side": "Buy",
        "size": 27212,
        "price": 5706,
        "tickDirection": "ZeroPlusTick",
        "trdMatchID": "0409d9a9-eb13-92e1-ea7d-b104985ad8fb",
        "grossValue": 476890300,
        "homeNotional": 4.768903,
        "foreignNotional": 27212
    },
    {
        "timestamp": "2019-05-03T12:05:08.063Z",
        "symbol": "XBTUSD",
        "side": "Buy",
        "size": 50,
        "price": 5706.5,
        "tickDirection": "PlusTick",
        "trdMatchID": "15023dce-727d-1575-3260-f44914de20d7",
        "grossValue": 876200,
        "homeNotional": 0.008762,
        "foreignNotional": 50
    },
    {
        "timestamp": "2019-05-03T12:05:08.063Z",
        "symbol": "XBTUSD",
        "side": "Buy",
        "size": 114,
        "price": 5706.5,
        "tickDirection": "ZeroPlusTick",
        "trdMatchID": "abf8d765-6eb4-892e-acba-a45f4e8f8494",
        "grossValue": 1997736,
        "homeNotional": 0.01997736,
        "foreignNotional": 114
    },
    {
        "timestamp": "2019-05-03T12:05:08.063Z",
        "symbol": "XBTUSD",
        "side": "Buy",
        "size": 1000,
        "price": 5706.5,
        "tickDirection": "ZeroPlusTick",
        "trdMatchID": "a54f1760-ec28-36ad-a067-5aa13d2d9f2f",
        "grossValue": 17524000,
        "homeNotional": 0.17524,
        "foreignNotional": 1000
    },
    {
        "timestamp": "2019-05-03T12:05:08.063Z",
        "symbol": "XBTUSD",
        "side": "Buy",
        "size": 100,
        "price": 5706.5,
        "tickDirection": "ZeroPlusTick",
        "trdMatchID": "86ed3c53-4cea-79fe-fc40-949e1a7740da",
        "grossValue": 1752400,
        "homeNotional": 0.017524,
        "foreignNotional": 100
    },
    {
        "timestamp": "2019-05-03T12:05:08.063Z",
        "symbol": "XBTUSD",
        "side": "Buy",
        "size": 500,
        "price": 5706.5,
        "tickDirection": "ZeroPlusTick",
        "trdMatchID": "f965b4dd-8614-f1a9-e229-e9c043e86e8f",
        "grossValue": 8762000,
        "homeNotional": 0.08762,
        "foreignNotional": 500
    },
    {
        "timestamp": "2019-05-03T12:05:08.063Z",
        "symbol": "XBTUSD",
        "side": "Buy",
        "size": 76,
        "price": 5706.5,
        "tickDirection": "ZeroPlusTick",
        "trdMatchID": "70f2f020-caa2-59d3-b65d-15d29639d571",
        "grossValue": 1331824,
        "homeNotional": 0.01331824,
        "foreignNotional": 76
    },
    {
        "timestamp": "2019-05-03T12:05:08.063Z",
        "symbol": "XBTUSD",
        "side": "Buy",
        "size": 80,
        "price": 5706.5,
        "tickDirection": "ZeroPlusTick",
        "trdMatchID": "9d1cdff6-e1ee-adf1-2b34-37fb0c51e381",
        "grossValue": 1401920,
        "homeNotional": 0.0140192,
        "foreignNotional": 80
    },
    {
        "timestamp": "2019-05-03T12:05:08.063Z",
        "symbol": "XBTUSD",
        "side": "Buy",
        "size": 44,
        "price": 5706.5,
        "tickDirection": "ZeroPlusTick",
        "trdMatchID": "14aad183-82b4-fee9-5623-892374c03027",
        "grossValue": 771056,
        "homeNotional": 0.00771056,
        "foreignNotional": 44
    },
    {
        "timestamp": "2019-05-03T12:05:08.063Z",
        "symbol": "XBTUSD",
        "side": "Buy",
        "size": 28,
        "price": 5706.5,
        "tickDirection": "ZeroPlusTick",
        "trdMatchID": "f4e5bc26-1bc9-37b9-9879-68fdbcc622d8",
        "grossValue": 490672,
        "homeNotional": 0.00490672,
        "foreignNotional": 28
    },
    {
        "timestamp": "2019-05-03T12:05:08.063Z",
        "symbol": "XBTUSD",
        "side": "Buy",
        "size": 100,
        "price": 5706.5,
        "tickDirection": "ZeroPlusTick",
        "trdMatchID": "25a4e454-25a0-708b-a556-d3608c5d33b5",
        "grossValue": 1752400,
        "homeNotional": 0.017524,
        "foreignNotional": 100
    },
    {
        "timestamp": "2019-05-03T12:05:08.063Z",
        "symbol": "XBTUSD",
        "side": "Buy",
        "size": 200,
        "price": 5706.5,
        "tickDirection": "ZeroPlusTick",
        "trdMatchID": "8c9b8938-71fd-68a6-0844-8ce01cb84a37",
        "grossValue": 3504800,
        "homeNotional": 0.035048,
        "foreignNotional": 200
    },
    {
        "timestamp": "2019-05-03T12:05:08.063Z",
        "symbol": "XBTUSD",
        "side": "Buy",
        "size": 5000,
        "price": 5706.5,
        "tickDirection": "ZeroPlusTick",
        "trdMatchID": "6f4305cc-419f-3d9d-d59c-1b414d6cc63c",
        "grossValue": 87620000,
        "homeNotional": 0.8762,
        "foreignNotional": 5000
    },
    {
        "timestamp": "2019-05-03T12:05:08.063Z",
        "symbol": "XBTUSD",
        "side": "Buy",
        "size": 500,
        "price": 5706.5,
        "tickDirection": "ZeroPlusTick",
        "trdMatchID": "2311f071-af0a-b8dd-6535-bdb07f50974a",
        "grossValue": 8762000,
        "homeNotional": 0.08762,
        "foreignNotional": 500
    },
    {
        "timestamp": "2019-05-03T12:05:08.063Z",
        "symbol": "XBTUSD",
        "side": "Buy",
        "size": 997,
        "price": 5706.5,
        "tickDirection": "ZeroPlusTick",
        "trdMatchID": "5af0a2eb-3bce-85ef-73d6-789294ae551a",
        "grossValue": 17471428,
        "homeNotional": 0.17471428,
        "foreignNotional": 997
    },
    {
        "timestamp": "2019-05-03T12:05:08.604Z",
        "symbol": "XBTUSD",
        "side": "Sell",
        "size": 15,
        "price": 5706,
        "tickDirection": "MinusTick",
        "trdMatchID": "9ea752bb-ecad-5f64-c90f-a2049514113f",
        "grossValue": 262875,
        "homeNotional": 0.00262875,
        "foreignNotional": 15
    },
    {
        "timestamp": "2019-05-03T12:05:08.723Z",
        "symbol": "XBTUSD",
        "side": "Buy",
        "size": 1000,
        "price": 5706.5,
        "tickDirection": "PlusTick",
        "trdMatchID": "666d57ba-ba2b-14e3-2ca4-51ccc26151dd",
        "grossValue": 17524000,
        "homeNotional": 0.17524,
        "foreignNotional": 1000
    },
    {
        "timestamp": "2019-05-03T12:05:09.060Z",
        "symbol": "XBTUSD",
        "side": "Buy",
        "size": 3,
        "price": 5706.5,
        "tickDirection": "ZeroPlusTick",
        "trdMatchID": "36b404ac-0d40-48dd-8fc3-90a34748e392",
        "grossValue": 52572,
        "homeNotional": 0.00052572,
        "foreignNotional": 3
    },
    {
        "timestamp": "2019-05-03T12:05:09.060Z",
        "symbol": "XBTUSD",
        "side": "Buy",
        "size": 1997,
        "price": 5706.5,
        "tickDirection": "ZeroPlusTick",
        "trdMatchID": "e6355f4b-bacf-d3ac-edd4-0fbd1d91a45c",
        "grossValue": 34995428,
        "homeNotional": 0.34995428,
        "foreignNotional": 1997
    },
    {
        "timestamp": "2019-05-03T12:05:09.072Z",
        "symbol": "XBTUSD",
        "side": "Buy",
        "size": 2003,
        "price": 5706.5,
        "tickDirection": "ZeroPlusTick",
        "trdMatchID": "df8a4570-6d6f-aafa-34c6-0eafda46243a",
        "grossValue": 35100572,
        "homeNotional": 0.35100572,
        "foreignNotional": 2003
    },
    {
        "timestamp": "2019-05-03T12:05:09.072Z",
        "symbol": "XBTUSD",
        "side": "Buy",
        "size": 30,
        "price": 5706.5,
        "tickDirection": "ZeroPlusTick",
        "trdMatchID": "90f6847b-7580-f009-4866-1d59c8c980e2",
        "grossValue": 525720,
        "homeNotional": 0.0052572,
        "foreignNotional": 30
    },
    {
        "timestamp": "2019-05-03T12:05:09.072Z",
        "symbol": "XBTUSD",
        "side": "Buy",
        "size": 41,
        "price": 5706.5,
        "tickDirection": "ZeroPlusTick",
        "trdMatchID": "97dac418-9bd0-29e8-79ce-c9561bd5672b",
        "grossValue": 718484,
        "homeNotional": 0.00718484,
        "foreignNotional": 41
    },
    {
        "timestamp": "2019-05-03T12:05:09.072Z",
        "symbol": "XBTUSD",
        "side": "Buy",
        "size": 47,
        "price": 5706.5,
        "tickDirection": "ZeroPlusTick",
        "trdMatchID": "253334ee-1854-cf0b-8ce5-46ced81a5f01",
        "grossValue": 823628,
        "homeNotional": 0.00823628,
        "foreignNotional": 47
    },
    {
        "timestamp": "2019-05-03T12:05:09.072Z",
        "symbol": "XBTUSD",
        "side": "Buy",
        "size": 879,
        "price": 5706.5,
        "tickDirection": "ZeroPlusTick",
        "trdMatchID": "8cb25374-1f1b-d166-ba24-57fd935dae12",
        "grossValue": 15403596,
        "homeNotional": 0.15403596,
        "foreignNotional": 879
    },
    {
        "timestamp": "2019-05-03T12:05:09.620Z",
        "symbol": "XBTUSD",
        "side": "Sell",
        "size": 1200,
        "price": 5706,
        "tickDirection": "MinusTick",
        "trdMatchID": "063bd9bd-bf44-0027-e6c5-186ac1ced819",
        "grossValue": 21030000,
        "homeNotional": 0.2103,
        "foreignNotional": 1200
    },
    {
        "timestamp": "2019-05-03T12:05:09.632Z",
        "symbol": "XBTUSD",
        "side": "Buy",
        "size": 1621,
        "price": 5706.5,
        "tickDirection": "PlusTick",
        "trdMatchID": "06c8e967-8630-dbf4-d004-70d8546e0f50",
        "grossValue": 28406404,
        "homeNotional": 0.28406404,
        "foreignNotional": 1621
    },
    {
        "timestamp": "2019-05-03T12:05:09.632Z",
        "symbol": "XBTUSD",
        "side": "Buy",
        "size": 26,
        "price": 5706.5,
        "tickDirection": "ZeroPlusTick",
        "trdMatchID": "92733fc0-ed27-0077-ce67-723b57cfe3c4",
        "grossValue": 455624,
        "homeNotional": 0.00455624,
        "foreignNotional": 26
    },
    {
        "timestamp": "2019-05-03T12:05:09.632Z",
        "symbol": "XBTUSD",
        "side": "Buy",
        "size": 17,
        "price": 5706.5,
        "tickDirection": "ZeroPlusTick",
        "trdMatchID": "b2b1a392-926c-eb43-6e0a-1b5e327463ef",
        "grossValue": 297908,
        "homeNotional": 0.00297908,
        "foreignNotional": 17
    },
    {
        "timestamp": "2019-05-03T12:05:09.632Z",
        "symbol": "XBTUSD",
        "side": "Buy",
        "size": 22826,
        "price": 5706.5,
        "tickDirection": "ZeroPlusTick",
        "trdMatchID": "7dfeb014-f9d4-3a03-b5e9-76fe0ec137c0",
        "grossValue": 400002824,
        "homeNotional": 4.00002824,
        "foreignNotional": 22826
    },
    {
        "timestamp": "2019-05-03T12:05:09.632Z",
        "symbol": "XBTUSD",
        "side": "Buy",
        "size": 13192,
        "price": 5706.5,
        "tickDirection": "ZeroPlusTick",
        "trdMatchID": "90681956-0642-afcc-9862-5894a2718ecb",
        "grossValue": 231176608,
        "homeNotional": 2.31176608,
        "foreignNotional": 13192
    },
    {
        "timestamp": "2019-05-03T12:05:09.632Z",
        "symbol": "XBTUSD",
        "side": "Buy",
        "size": 28532,
        "price": 5706.5,
        "tickDirection": "ZeroPlusTick",
        "trdMatchID": "b4e9ecb0-755f-9fc3-c012-04103876fe3f",
        "grossValue": 499994768,
        "homeNotional": 4.99994768,
        "foreignNotional": 28532
    },
    {
        "timestamp": "2019-05-03T12:05:09.632Z",
        "symbol": "XBTUSD",
        "side": "Buy",
        "size": 33,
        "price": 5706.5,
        "tickDirection": "ZeroPlusTick",
        "trdMatchID": "a6463728-5898-a892-e7be-97bd07fca905",
        "grossValue": 578292,
        "homeNotional": 0.00578292,
        "foreignNotional": 33
    },
    {
        "timestamp": "2019-05-03T12:05:09.632Z",
        "symbol": "XBTUSD",
        "side": "Buy",
        "size": 34,
        "price": 5706.5,
        "tickDirection": "ZeroPlusTick",
        "trdMatchID": "9ee044cd-98aa-1574-311d-67e02bb4ba3b",
        "grossValue": 595816,
        "homeNotional": 0.00595816,
        "foreignNotional": 34
    },
    {
        "timestamp": "2019-05-03T12:05:09.632Z",
        "symbol": "XBTUSD",
        "side": "Buy",
        "size": 2980,
        "price": 5706.5,
        "tickDirection": "ZeroPlusTick",
        "trdMatchID": "7417e09d-bc3d-91e2-31b9-87d644562d6d",
        "grossValue": 52221520,
        "homeNotional": 0.5222152,
        "foreignNotional": 2980
    },
    {
        "timestamp": "2019-05-03T12:05:09.632Z",
        "symbol": "XBTUSD",
        "side": "Buy",
        "size": 29,
        "price": 5706.5,
        "tickDirection": "ZeroPlusTick",
        "trdMatchID": "1dc07990-c10e-378f-1497-0eff4db287cd",
        "grossValue": 508196,
        "homeNotional": 0.00508196,
        "foreignNotional": 29
    },
    {
        "timestamp": "2019-05-03T12:05:09.632Z",
        "symbol": "XBTUSD",
        "side": "Buy",
        "size": 30,
        "price": 5706.5,
        "tickDirection": "ZeroPlusTick",
        "trdMatchID": "8eef3fcc-58e1-c7a9-4bbd-d60554e78c24",
        "grossValue": 525720,
        "homeNotional": 0.0052572,
        "foreignNotional": 30
    },
    {
        "timestamp": "2019-05-03T12:05:09.632Z",
        "symbol": "XBTUSD",
        "side": "Buy",
        "size": 39,
        "price": 5706.5,
        "tickDirection": "ZeroPlusTick",
        "trdMatchID": "3d76b7c0-99e0-ac0f-4926-429a802ae96d",
        "grossValue": 683436,
        "homeNotional": 0.00683436,
        "foreignNotional": 39
    },
    {
        "timestamp": "2019-05-03T12:05:09.632Z",
        "symbol": "XBTUSD",
        "side": "Buy",
        "size": 39,
        "price": 5706.5,
        "tickDirection": "ZeroPlusTick",
        "trdMatchID": "8452957b-ecec-1dbe-69a8-9b8fe297d181",
        "grossValue": 683436,
        "homeNotional": 0.00683436,
        "foreignNotional": 39
    },
    {
        "timestamp": "2019-05-03T12:05:09.632Z",
        "symbol": "XBTUSD",
        "side": "Buy",
        "size": 36,
        "price": 5706.5,
        "tickDirection": "ZeroPlusTick",
        "trdMatchID": "e170bb1f-07f6-ee7c-30eb-842f92e29d03",
        "grossValue": 630864,
        "homeNotional": 0.00630864,
        "foreignNotional": 36
    },
    {
        "timestamp": "2019-05-03T12:05:09.632Z",
        "symbol": "XBTUSD",
        "side": "Buy",
        "size": 50,
        "price": 5707,
        "tickDirection": "PlusTick",
        "trdMatchID": "38fa33e6-babf-f41c-d90a-efa179ee5ceb",
        "grossValue": 876100,
        "homeNotional": 0.008761,
        "foreignNotional": 50
    },
    {
        "timestamp": "2019-05-03T12:05:09.632Z",
        "symbol": "XBTUSD",
        "side": "Buy",
        "size": 1,
        "price": 5707,
        "tickDirection": "ZeroPlusTick",
        "trdMatchID": "ca9e14a4-9f1c-f810-4d97-47d2ec5db138",
        "grossValue": 17522,
        "homeNotional": 0.00017522,
        "foreignNotional": 1
    },
    {
        "timestamp": "2019-05-03T12:05:09.632Z",
        "symbol": "XBTUSD",
        "side": "Buy",
        "size": 50,
        "price": 5707,
        "tickDirection": "ZeroPlusTick",
        "trdMatchID": "4e0b3747-2cf6-8a45-daf8-c64dbca3706d",
        "grossValue": 876100,
        "homeNotional": 0.008761,
        "foreignNotional": 50
    },
    {
        "timestamp": "2019-05-03T12:05:09.632Z",
        "symbol": "XBTUSD",
        "side": "Buy",
        "size": 100,
        "price": 5707,
        "tickDirection": "ZeroPlusTick",
        "trdMatchID": "19d7cf0e-c83a-a3c0-9449-35bb65866705",
        "grossValue": 1752200,
        "homeNotional": 0.017522,
        "foreignNotional": 100
    },
    {
        "timestamp": "2019-05-03T12:05:09.632Z",
        "symbol": "XBTUSD",
        "side": "Buy",
        "size": 100,
        "price": 5707,
        "tickDirection": "ZeroPlusTick",
        "trdMatchID": "c5b1da90-7990-760c-a36c-1cce9eac8350",
        "grossValue": 1752200,
        "homeNotional": 0.017522,
        "foreignNotional": 100
    },
    {
        "timestamp": "2019-05-03T12:05:09.632Z",
        "symbol": "XBTUSD",
        "side": "Buy",
        "size": 30265,
        "price": 5707,
        "tickDirection": "ZeroPlusTick",
        "trdMatchID": "3643ff29-49f4-02d7-455f-8267a8e69b0d",
        "grossValue": 530303330,
        "homeNotional": 5.3030333,
        "foreignNotional": 30265
    },
    {
        "timestamp": "2019-05-03T12:05:10.039Z",
        "symbol": "XBTUSD",
        "side": "Buy",
        "size": 50,
        "price": 5707,
        "tickDirection": "ZeroPlusTick",
        "trdMatchID": "e7df8206-b74c-a7fa-af40-2ac2c2259ed0",
        "grossValue": 876100,
        "homeNotional": 0.008761,
        "foreignNotional": 50
    },
    {
        "timestamp": "2019-05-03T12:05:10.104Z",
        "symbol": "XBTUSD",
        "side": "Buy",
        "size": 5285,
        "price": 5707,
        "tickDirection": "ZeroPlusTick",
        "trdMatchID": "773b796b-2321-4cad-45fd-cc10a90c6e05",
        "grossValue": 92603770,
        "homeNotional": 0.9260377,
        "foreignNotional": 5285
    },
    {
        "timestamp": "2019-05-03T12:05:10.104Z",
        "symbol": "XBTUSD",
        "side": "Buy",
        "size": 1500,
        "price": 5707,
        "tickDirection": "ZeroPlusTick",
        "trdMatchID": "60709823-7a61-681c-fdf0-bc3ad59722e7",
        "grossValue": 26283000,
        "homeNotional": 0.26283,
        "foreignNotional": 1500
    },
    {
        "timestamp": "2019-05-03T12:05:10.104Z",
        "symbol": "XBTUSD",
        "side": "Buy",
        "size": 2000,
        "price": 5707,
        "tickDirection": "ZeroPlusTick",
        "trdMatchID": "c0f2130e-b385-2df8-9cfc-652278bd6c77",
        "grossValue": 35044000,
        "homeNotional": 0.35044,
        "foreignNotional": 2000
    },
    {
        "timestamp": "2019-05-03T12:05:10.104Z",
        "symbol": "XBTUSD",
        "side": "Buy",
        "size": 1,
        "price": 5707,
        "tickDirection": "ZeroPlusTick",
        "trdMatchID": "e14ab3ce-5a20-c8ba-b1cc-a1903266664b",
        "grossValue": 17522,
        "homeNotional": 0.00017522,
        "foreignNotional": 1
    },
    {
        "timestamp": "2019-05-03T12:05:10.104Z",
        "symbol": "XBTUSD",
        "side": "Buy",
        "size": 10000,
        "price": 5707,
        "tickDirection": "ZeroPlusTick",
        "trdMatchID": "d8d36c9e-915f-d4e4-7fbd-5174ef0b4ec6",
        "grossValue": 175220000,
        "homeNotional": 1.7522,
        "foreignNotional": 10000
    },
    {
        "timestamp": "2019-05-03T12:05:10.104Z",
        "symbol": "XBTUSD",
        "side": "Buy",
        "size": 413,
        "price": 5707,
        "tickDirection": "ZeroPlusTick",
        "trdMatchID": "bc489b77-0726-70ae-2ae0-68cf91930ef4",
        "grossValue": 7236586,
        "homeNotional": 0.07236586,
        "foreignNotional": 413
    },
    {
        "timestamp": "2019-05-03T12:05:10.104Z",
        "symbol": "XBTUSD",
        "side": "Buy",
        "size": 525,
        "price": 5707,
        "tickDirection": "ZeroPlusTick",
        "trdMatchID": "e100bd6e-d8f4-3145-bd93-912f4f1c8139",
        "grossValue": 9199050,
        "homeNotional": 0.0919905,
        "foreignNotional": 525
    },
    {
        "timestamp": "2019-05-03T12:05:10.104Z",
        "symbol": "XBTUSD",
        "side": "Buy",
        "size": 10,
        "price": 5707,
        "tickDirection": "ZeroPlusTick",
        "trdMatchID": "449bbe40-0625-5e8e-8560-1369bb911a19",
        "grossValue": 175220,
        "homeNotional": 0.0017522,
        "foreignNotional": 10
    },
    {
        "timestamp": "2019-05-03T12:05:10.104Z",
        "symbol": "XBTUSD",
        "side": "Buy",
        "size": 50,
        "price": 5707,
        "tickDirection": "ZeroPlusTick",
        "trdMatchID": "f2c6f026-a67f-9906-847e-b8da4fc43039",
        "grossValue": 876100,
        "homeNotional": 0.008761,
        "foreignNotional": 50
    },
    {
        "timestamp": "2019-05-03T12:05:10.104Z",
        "symbol": "XBTUSD",
        "side": "Buy",
        "size": 100,
        "price": 5707,
        "tickDirection": "ZeroPlusTick",
        "trdMatchID": "6f1511f0-9b42-3b27-5338-9fce3b5e5845",
        "grossValue": 1752200,
        "homeNotional": 0.017522,
        "foreignNotional": 100
    },
    {
        "timestamp": "2019-05-03T12:05:10.104Z",
        "symbol": "XBTUSD",
        "side": "Buy",
        "size": 4301,
        "price": 5707,
        "tickDirection": "ZeroPlusTick",
        "trdMatchID": "e8a3a665-61c2-3438-5471-ab86a397d78b",
        "grossValue": 75362122,
        "homeNotional": 0.75362122,
        "foreignNotional": 4301
    },
    {
        "timestamp": "2019-05-03T12:05:10.104Z",
        "symbol": "XBTUSD",
        "side": "Buy",
        "size": 72000,
        "price": 5707,
        "tickDirection": "ZeroPlusTick",
        "trdMatchID": "10142697-a6ce-78ad-62fd-7bfb61334db7",
        "grossValue": 1261584000,
        "homeNotional": 12.61584,
        "foreignNotional": 72000
    },
    {
        "timestamp": "2019-05-03T12:05:10.104Z",
        "symbol": "XBTUSD",
        "side": "Buy",
        "size": 783,
        "price": 5707,
        "tickDirection": "ZeroPlusTick",
        "trdMatchID": "e8d9710c-9c96-c011-99f4-c54e2d6fd028",
        "grossValue": 13719726,
        "homeNotional": 0.13719726,
        "foreignNotional": 783
    },
    {
        "timestamp": "2019-05-03T12:05:10.104Z",
        "symbol": "XBTUSD",
        "side": "Buy",
        "size": 5468,
        "price": 5707,
        "tickDirection": "ZeroPlusTick",
        "trdMatchID": "3e4fbfe9-e9d5-5c66-93a4-973fb0daad3e",
        "grossValue": 95810296,
        "homeNotional": 0.95810296,
        "foreignNotional": 5468
    },
    {
        "timestamp": "2019-05-03T12:05:10.104Z",
        "symbol": "XBTUSD",
        "side": "Buy",
        "size": 18000,
        "price": 5707,
        "tickDirection": "ZeroPlusTick",
        "trdMatchID": "33a4d428-007e-4f22-198d-6f996b10e171",
        "grossValue": 315396000,
        "homeNotional": 3.15396,
        "foreignNotional": 18000
    },
    {
        "timestamp": "2019-05-03T12:05:10.104Z",
        "symbol": "XBTUSD",
        "side": "Buy",
        "size": 571,
        "price": 5707,
        "tickDirection": "ZeroPlusTick",
        "trdMatchID": "318ad69b-d299-038b-94a3-230c7fc0c6f8",
        "grossValue": 10005062,
        "homeNotional": 0.10005062,
        "foreignNotional": 571
    },
    {
        "timestamp": "2019-05-03T12:05:10.104Z",
        "symbol": "XBTUSD",
        "side": "Buy",
        "size": 1572,
        "price": 5707,
        "tickDirection": "ZeroPlusTick",
        "trdMatchID": "9d0e0e70-efb3-1362-b398-01295bdbbc98",
        "grossValue": 27544584,
        "homeNotional": 0.27544584,
        "foreignNotional": 1572
    },
    {
        "timestamp": "2019-05-03T12:05:10.104Z",
        "symbol": "XBTUSD",
        "side": "Buy",
        "size": 190,
        "price": 5707,
        "tickDirection": "ZeroPlusTick",
        "trdMatchID": "60983d7c-3f1a-2d9b-8a97-8a3b551e2363",
        "grossValue": 3329180,
        "homeNotional": 0.0332918,
        "foreignNotional": 190
    },
    {
        "timestamp": "2019-05-03T12:05:10.104Z",
        "symbol": "XBTUSD",
        "side": "Buy",
        "size": 250,
        "price": 5707,
        "tickDirection": "ZeroPlusTick",
        "trdMatchID": "2fe2f17a-0491-c534-5fa7-27ba846fc367",
        "grossValue": 4380500,
        "homeNotional": 0.043805,
        "foreignNotional": 250
    },
    {
        "timestamp": "2019-05-03T12:05:10.104Z",
        "symbol": "XBTUSD",
        "side": "Buy",
        "size": 550,
        "price": 5707,
        "tickDirection": "ZeroPlusTick",
        "trdMatchID": "381ffda7-2130-4d71-e318-582728e602e3",
        "grossValue": 9637100,
        "homeNotional": 0.096371,
        "foreignNotional": 550
    },
    {
        "timestamp": "2019-05-03T12:05:10.104Z",
        "symbol": "XBTUSD",
        "side": "Buy",
        "size": 1790,
        "price": 5707,
        "tickDirection": "ZeroPlusTick",
        "trdMatchID": "55e30352-c687-49d3-50d0-34e74a1e838b",
        "grossValue": 31364380,
        "homeNotional": 0.3136438,
        "foreignNotional": 1790
    },
    {
        "timestamp": "2019-05-03T12:05:10.104Z",
        "symbol": "XBTUSD",
        "side": "Buy",
        "size": 2169,
        "price": 5707,
        "tickDirection": "ZeroPlusTick",
        "trdMatchID": "57ec276b-81ad-b231-39bf-74be77879c79",
        "grossValue": 38005218,
        "homeNotional": 0.38005218,
        "foreignNotional": 2169
    },
    {
        "timestamp": "2019-05-03T12:05:10.104Z",
        "symbol": "XBTUSD",
        "side": "Buy",
        "size": 522,
        "price": 5707,
        "tickDirection": "ZeroPlusTick",
        "trdMatchID": "b5136b0c-c5cb-7d8c-f990-46f6c79bf5b1",
        "grossValue": 9146484,
        "homeNotional": 0.09146484,
        "foreignNotional": 522
    },
    {
        "timestamp": "2019-05-03T12:05:10.104Z",
        "symbol": "XBTUSD",
        "side": "Buy",
        "size": 591,
        "price": 5707,
        "tickDirection": "ZeroPlusTick",
        "trdMatchID": "01406958-1971-74b7-643f-73b05046a776",
        "grossValue": 10355502,
        "homeNotional": 0.10355502,
        "foreignNotional": 591
    },
    {
        "timestamp": "2019-05-03T12:05:10.104Z",
        "symbol": "XBTUSD",
        "side": "Buy",
        "size": 676,
        "price": 5707,
        "tickDirection": "ZeroPlusTick",
        "trdMatchID": "69ea08fe-1f0a-36f4-12e4-721967348519",
        "grossValue": 11844872,
        "homeNotional": 0.11844872,
        "foreignNotional": 676
    },
    {
        "timestamp": "2019-05-03T12:05:10.104Z",
        "symbol": "XBTUSD",
        "side": "Buy",
        "size": 592,
        "price": 5707,
        "tickDirection": "ZeroPlusTick",
        "trdMatchID": "d4c8e855-a4c8-8dca-68c2-4a949b679ce4",
        "grossValue": 10373024,
        "homeNotional": 0.10373024,
        "foreignNotional": 592
    },
    {
        "timestamp": "2019-05-03T12:05:10.104Z",
        "symbol": "XBTUSD",
        "side": "Buy",
        "size": 416,
        "price": 5707,
        "tickDirection": "ZeroPlusTick",
        "trdMatchID": "d5f7a2d7-04cd-6712-516d-e3f59f877c94",
        "grossValue": 7289152,
        "homeNotional": 0.07289152,
        "foreignNotional": 416
    },
    {
        "timestamp": "2019-05-03T12:05:10.104Z",
        "symbol": "XBTUSD",
        "side": "Buy",
        "size": 592,
        "price": 5707,
        "tickDirection": "ZeroPlusTick",
        "trdMatchID": "b6f99031-1ff2-d3a7-4568-80a110b62b9c",
        "grossValue": 10373024,
        "homeNotional": 0.10373024,
        "foreignNotional": 592
    },
    {
        "timestamp": "2019-05-03T12:05:10.104Z",
        "symbol": "XBTUSD",
        "side": "Buy",
        "size": 590,
        "price": 5707,
        "tickDirection": "ZeroPlusTick",
        "trdMatchID": "a361bd98-f146-9d4d-212c-8e7bcce306b9",
        "grossValue": 10337980,
        "homeNotional": 0.1033798,
        "foreignNotional": 590
    },
    {
        "timestamp": "2019-05-03T12:05:10.104Z",
        "symbol": "XBTUSD",
        "side": "Buy",
        "size": 10,
        "price": 5707,
        "tickDirection": "ZeroPlusTick",
        "trdMatchID": "de032889-f127-c729-6062-fe5ff808bf56",
        "grossValue": 175220,
        "homeNotional": 0.0017522,
        "foreignNotional": 10
    },
    {
        "timestamp": "2019-05-03T12:05:10.104Z",
        "symbol": "XBTUSD",
        "side": "Buy",
        "size": 44,
        "price": 5707,
        "tickDirection": "ZeroPlusTick",
        "trdMatchID": "85b87d3a-060a-347e-8ef8-52242083d34c",
        "grossValue": 770968,
        "homeNotional": 0.00770968,
        "foreignNotional": 44
    },
    {
        "timestamp": "2019-05-03T12:05:10.104Z",
        "symbol": "XBTUSD",
        "side": "Buy",
        "size": 477,
        "price": 5707,
        "tickDirection": "ZeroPlusTick",
        "trdMatchID": "44fe0847-4331-9ecd-c6fc-df5d672f7464",
        "grossValue": 8357994,
        "homeNotional": 0.08357994,
        "foreignNotional": 477
    },
    {
        "timestamp": "2019-05-03T12:05:10.104Z",
        "symbol": "XBTUSD",
        "side": "Buy",
        "size": 1292,
        "price": 5707,
        "tickDirection": "ZeroPlusTick",
        "trdMatchID": "9d3f88a8-15dc-72d8-0896-d345f24ea4cd",
        "grossValue": 22638424,
        "homeNotional": 0.22638424,
