[
    {
        "timestamp": "2022-09-25T15:53:51.239Z",
        "symbol": "XBTUSD",
        "side": "Buy",
        "size": 1300,
        "price": 19005,
        "tickDirection": "ZeroMinusTick",
        "trdMatchID": "35882fd1-8c12-cab9-2939-da49e8173853",
        "grossValue": 6840301,
        "homeNotional": 0.06840301,
        "foreignNotional": 1300
    },
    {
        "timestamp": "2022-09-25T15:53:51.239Z",
        "symbol": "XBTUSD",
        "side": "Buy",
        "size": 700,
        "price": 19005,
        "tickDirection": "ZeroMinusTick",
        "trdMatchID": "d9fc9dd7-be77-a9fe-d2a4-f1fc830e80de",
        "grossValue": 3683239,
        "homeNotional": 0.03683239,
        "foreignNotional": 700
    },
    {
        "timestamp": "2022-09-25T15:53:49.461Z",
        "symbol": "XBTUSD",
        "side": "Buy",
        "size": 100,
        "price": 19005,
        "tickDirection": "MinusTick",
        "trdMatchID": "fab3e6d8-05a0-55b6-fe90-371353ef6a38",
        "grossValue": 526177,
        "homeNotional": 0.00526177,
        "foreignNotional": 100
    },
    {
        "timestamp": "2022-09-25T15:53:01.031Z",
        "symbol": "XBTUSD",
        "side": "Buy",
        "size": 4700,
        "price": 19007,
        "tickDirection": "PlusTick",
        "trdMatchID": "5ebe3572-844d-f4db-8985-80b71a4693bf",
        "grossValue": 24727734,
        "homeNotional": 0.24727734,
        "foreignNotional": 4700
    },
    {
        "timestamp": "2022-09-25T15:53:01.031Z",
        "symbol": "XBTUSD",
        "side": "Buy",
        "size": 100,
        "price": 19006.5,
        "tickDirection": "ZeroPlusTick",
        "trdMatchID": "2f3700df-021d-32e8-c8ab-4dda7766905c",
        "grossValue": 526136,
        "homeNotional": 0.00526136,
        "foreignNotional": 100
    },
    {
        "timestamp": "2022-09-25T15:53:01.031Z",
        "symbol": "XBTUSD",
        "side": "Buy",
        "size": 6200,
        "price": 19006.5,
        "tickDirection": "PlusTick",
        "trdMatchID": "2ebfd17e-8a78-febc-a29b-b7abbb0fabc8",
        "grossValue": 32620432,
        "homeNotional": 0.32620432,
        "foreignNotional": 6200
    },
    {
        "timestamp": "2022-09-25T15:53:01.031Z",
        "symbol": "XBTUSD",
        "side": "Buy",
        "size": 600,
        "price": 19006,
        "tickDirection": "ZeroPlusTick",
        "trdMatchID": "f729f4de-55e9-06b9-1634-3ac1f68a2949",
        "grossValue": 3156900,
        "homeNotional": 0.031569,
        "foreignNotional": 600
    },
    {
        "timestamp": "2022-09-25T15:53:01.031Z",
        "symbol": "XBTUSD",
        "side": "Buy",
        "size": 14500,
        "price": 19006,
        "tickDirection": "ZeroPlusTick",
        "trdMatchID": "52a075c0-2f8f-adc9-b8c4-8574d3f0510c",
        "grossValue": 76291750,
        "homeNotional": 0.7629175,
        "foreignNotional": 14500
    },
    {
        "timestamp": "2022-09-25T15:53:01.031Z",
        "symbol": "XBTUSD",
        "side": "Buy",
        "size": 30000,
        "price": 19006,
        "tickDirection": "PlusTick",
        "trdMatchID": "4d720318-92d1-80c9-0489-0bb3cf222d11",
        "grossValue": 157845000,
        "homeNotional": 1.57845,
        "foreignNotional": 30000
    },
    {
        "timestamp": "2022-09-25T15:53:01.031Z",
        "symbol": "XBTUSD",
        "side": "Buy",
        "size": 9900,
        "price": 19005.5,
        "tickDirection": "ZeroPlusTick",
        "trdMatchID": "db3d7ff4-a76c-8725-2daf-4bdee729ee71",
        "grossValue": 52090137,
        "homeNotional": 0.52090137,
        "foreignNotional": 9900
    },
    {
        "timestamp": "2022-09-25T15:53:01.031Z",
        "symbol": "XBTUSD",
        "side": "Buy",
        "size": 7200,
        "price": 19005.5,
        "tickDirection": "PlusTick",
        "trdMatchID": "5128242e-0ccb-4f3a-d2c6-6e7464c502c2",
        "grossValue": 37883736,
        "homeNotional": 0.37883736,
        "foreignNotional": 7200
    },
    {
        "timestamp": "2022-09-25T15:53:01.031Z",
        "symbol": "XBTUSD",
        "side": "Buy",
        "size": 4000,
        "price": 19003.5,
        "tickDirection": "PlusTick",
        "trdMatchID": "8a406d49-c010-0ae9-bacd-855eb92a0218",
        "grossValue": 21048760,
        "homeNotional": 0.2104876,
        "foreignNotional": 4000
    },
    {
        "timestamp": "2022-09-25T15:53:01.031Z",
        "symbol": "XBTUSD",
        "side": "Buy",
        "size": 100,
        "price": 19001,
        "tickDirection": "ZeroPlusTick",
        "trdMatchID": "29890f71-5727-61f6-dc3a-8fdd8e97a2da",
        "grossValue": 526288,
        "homeNotional": 0.00526288,
        "foreignNotional": 100
    },
    {
        "timestamp": "2022-09-25T15:53:01.031Z",
        "symbol": "XBTUSD",
        "side": "Buy",
        "size": 300,
        "price": 19001,
        "tickDirection": "ZeroPlusTick",
        "trdMatchID": "8930a307-7dbb-2d47-64d2-c485be4a8a45",
        "grossValue": 1578864,
        "homeNotional": 0.01578864,
        "foreignNotional": 300
    },
    {
        "timestamp": "2022-09-25T15:53:01.031Z",
        "symbol": "XBTUSD",
        "side": "Buy",
        "size": 12400,
        "price": 19001,
        "tickDirection": "ZeroPlusTick",
        "trdMatchID": "a8984c18-5aab-100a-0d52-452e2061facf",
        "grossValue": 65259712,
        "homeNotional": 0.65259712,
        "foreignNotional": 12400
    },
    {
        "timestamp": "2022-09-25T15:53:01.031Z",
        "symbol": "XBTUSD",
        "side": "Buy",
        "size": 10000,
        "price": 19001,
        "tickDirection": "ZeroPlusTick",
        "trdMatchID": "6112e68a-c45b-78b8-4c4a-9277f418f192",
        "grossValue": 52628800,
        "homeNotional": 0.526288,
        "foreignNotional": 10000
    },
    {
        "timestamp": "2022-09-25T15:52:54.726Z",
        "symbol": "XBTUSD",
        "side": "Buy",
        "size": 5000,
        "price": 19001,
        "tickDirection": "PlusTick",
        "trdMatchID": "8e32d647-81b0-0f17-327c-ad0d1aacf7f8",
        "grossValue": 26314400,
        "homeNotional": 0.263144,
        "foreignNotional": 5000
    },
    {
        "timestamp": "2022-09-25T15:52:45.199Z",
        "symbol": "XBTUSD",
        "side": "Buy",
        "size": 200,
        "price": 19000,
        "tickDirection": "ZeroPlusTick",
        "trdMatchID": "421161cf-5ea0-c5ff-1dd6-c82c1b03506e",
        "grossValue": 1052632,
        "homeNotional": 0.01052632,
        "foreignNotional": 200
    },
    {
        "timestamp": "2022-09-25T15:52:45.199Z",
        "symbol": "XBTUSD",
        "side": "Buy",
        "size": 700,
        "price": 19000,
        "tickDirection": "ZeroPlusTick",
        "trdMatchID": "fee656a8-3de7-1ea2-8130-43bdd3adeeab",
        "grossValue": 3684212,
        "homeNotional": 0.03684212,
        "foreignNotional": 700
    },
    {
        "timestamp": "2022-09-25T15:52:45.199Z",
        "symbol": "XBTUSD",
        "side": "Buy",
        "size": 1000,
        "price": 19000,
        "tickDirection": "ZeroPlusTick",
        "trdMatchID": "d0b7234b-475c-d1c6-ac72-1b4618f73a61",
        "grossValue": 5263160,
        "homeNotional": 0.0526316,
        "foreignNotional": 1000
    },
    {
        "timestamp": "2022-09-25T15:52:45.199Z",
        "symbol": "XBTUSD",
        "side": "Buy",
        "size": 100,
        "price": 19000,
        "tickDirection": "ZeroPlusTick",
        "trdMatchID": "23b60adb-d4ab-5ddc-46dc-b42d1129237b",
        "grossValue": 526316,
        "homeNotional": 0.00526316,
        "foreignNotional": 100
    },
    {
        "timestamp": "2022-09-25T15:52:45.199Z",
        "symbol": "XBTUSD",
        "side": "Buy",
        "size": 500,
        "price": 19000,
        "tickDirection": "ZeroPlusTick",
        "trdMatchID": "66468c92-7cff-bd3d-15d2-30f5bbaa83b3",
        "grossValue": 2631580,
        "homeNotional": 0.0263158,
        "foreignNotional": 500
    },
    {
        "timestamp": "2022-09-25T15:52:45.199Z",
        "symbol": "XBTUSD",
        "side": "Buy",
        "size": 4000,
        "price": 19000,
        "tickDirection": "PlusTick",
        "trdMatchID": "09f57dd5-8817-0a6d-cdcd-88d186644aae",
        "grossValue": 21052640,
        "homeNotional": 0.2105264,
        "foreignNotional": 4000
    },
    {
        "timestamp": "2022-09-25T15:52:45.132Z",
        "symbol": "XBTUSD",
        "side": "Buy",
        "size": 200,
        "price": 18999,
        "tickDirection": "ZeroPlusTick",
        "trdMatchID": "12c28985-72ba-531c-eda4-5f99458bf167",
        "grossValue": 1052686,
        "homeNotional": 0.01052686,
        "foreignNotional": 200
    },
    {
        "timestamp": "2022-09-25T15:52:45.132Z",
        "symbol": "XBTUSD",
        "side": "Buy",
        "size": 100,
        "price": 18999,
        "tickDirection": "ZeroPlusTick",
        "trdMatchID": "3681f4bd-bd60-9d34-8d0c-8c4fa2941a7e",
        "grossValue": 526343,
        "homeNotional": 0.00526343,
        "foreignNotional": 100
    },
    {
        "timestamp": "2022-09-25T15:52:45.132Z",
        "symbol": "XBTUSD",
        "side": "Buy",
        "size": 100,
        "price": 18999,
        "tickDirection": "ZeroPlusTick",
        "trdMatchID": "7990d47c-cd60-bf9a-be75-c12ef6d97414",
        "grossValue": 526343,
        "homeNotional": 0.00526343,
        "foreignNotional": 100
    },
    {
        "timestamp": "2022-09-25T15:52:45.132Z",
        "symbol": "XBTUSD",
        "side": "Buy",
        "size": 500,
        "price": 18999,
        "tickDirection": "ZeroPlusTick",
        "trdMatchID": "073de9ed-632e-e31b-b3a1-50a6ad868b46",
        "grossValue": 2631715,
        "homeNotional": 0.02631715,
        "foreignNotional": 500
    },
    {
        "timestamp": "2022-09-25T15:52:45.129Z",
        "symbol": "XBTUSD",
        "side": "Buy",
        "size": 100,
        "price": 18999,
        "tickDirection": "ZeroPlusTick",
        "trdMatchID": "2dc0b696-b99e-83a9-9864-bf8b182bf620",
        "grossValue": 526343,
        "homeNotional": 0.00526343,
        "foreignNotional": 100
    },
    {
        "timestamp": "2022-09-25T15:52:45.126Z",
        "symbol": "XBTUSD",
        "side": "Buy",
        "size": 400,
        "price": 18999,
        "tickDirection": "ZeroPlusTick",
        "trdMatchID": "d5969005-96a5-48d3-4dec-ab2b8a135290",
        "grossValue": 2105372,
        "homeNotional": 0.02105372,
        "foreignNotional": 400
    },
    {
        "timestamp": "2022-09-25T15:52:45.126Z",
        "symbol": "XBTUSD",
        "side": "Buy",
        "size": 3500,
        "price": 18999,
        "tickDirection": "ZeroPlusTick",
        "trdMatchID": "d8b5e10c-a31f-02e5-e2a6-151550fbccf6",
        "grossValue": 18422005,
        "homeNotional": 0.18422005,
        "foreignNotional": 3500
    },
    {
        "timestamp": "2022-09-25T15:52:45.122Z",
        "symbol": "XBTUSD",
        "side": "Buy",
        "size": 9800,
        "price": 18999,
        "tickDirection": "ZeroPlusTick",
        "trdMatchID": "2ecede88-8e0a-e43b-0159-b91d3619aa62",
        "grossValue": 51581614,
        "homeNotional": 0.51581614,
        "foreignNotional": 9800
    },
    {
        "timestamp": "2022-09-25T15:52:45.120Z",
        "symbol": "XBTUSD",
        "side": "Buy",
        "size": 300,
        "price": 18999,
        "tickDirection": "ZeroPlusTick",
        "trdMatchID": "aeb79ee4-150c-fd08-03b7-bc8041062e92",
        "grossValue": 1579029,
        "homeNotional": 0.01579029,
        "foreignNotional": 300
    },
    {
        "timestamp": "2022-09-25T15:52:45.116Z",
        "symbol": "XBTUSD",
        "side": "Buy",
        "size": 2000,
        "price": 18999,
        "tickDirection": "ZeroPlusTick",
        "trdMatchID": "e15e161d-865a-92d8-ef07-4a048ded85dc",
        "grossValue": 10526860,
        "homeNotional": 0.1052686,
        "foreignNotional": 2000
    },
    {
        "timestamp": "2022-09-25T15:52:45.114Z",
        "symbol": "XBTUSD",
        "side": "Buy",
        "size": 2100,
        "price": 18999,
        "tickDirection": "ZeroPlusTick",
        "trdMatchID": "30eb23c8-37d4-c42e-c89b-4adfc998bb4f",
        "grossValue": 11053203,
        "homeNotional": 0.11053203,
        "foreignNotional": 2100
    },
    {
        "timestamp": "2022-09-25T15:52:45.110Z",
        "symbol": "XBTUSD",
        "side": "Buy",
        "size": 8800,
        "price": 18999,
        "tickDirection": "ZeroPlusTick",
        "trdMatchID": "79a217d5-7708-baaf-d05b-7e2b5393cf19",
        "grossValue": 46318184,
        "homeNotional": 0.46318184,
        "foreignNotional": 8800
    },
    {
        "timestamp": "2022-09-25T15:52:45.110Z",
        "symbol": "XBTUSD",
        "side": "Buy",
        "size": 200,
        "price": 18999,
        "tickDirection": "ZeroPlusTick",
        "trdMatchID": "12dde6f8-dd0e-d59b-c84f-c44695a24c9e",
        "grossValue": 1052686,
        "homeNotional": 0.01052686,
        "foreignNotional": 200
    },
    {
        "timestamp": "2022-09-25T15:52:45.110Z",
        "symbol": "XBTUSD",
        "side": "Buy",
        "size": 100,
        "price": 18999,
        "tickDirection": "ZeroPlusTick",
        "trdMatchID": "a48dac1c-4345-9ed4-d71d-fa2436307a42",
        "grossValue": 526343,
        "homeNotional": 0.00526343,
        "foreignNotional": 100
    },
    {
        "timestamp": "2022-09-25T15:52:45.110Z",
        "symbol": "XBTUSD",
        "side": "Buy",
        "size": 20900,
        "price": 18999,
        "tickDirection": "ZeroPlusTick",
        "trdMatchID": "76d84d86-a92a-57ca-44c6-7139f7987d91",
        "grossValue": 110005687,
        "homeNotional": 1.10005687,
        "foreignNotional": 20900
    },
    {
        "timestamp": "2022-09-25T15:51:41.525Z",
        "symbol": "XBTUSD",
        "side": "Buy",
        "size": 1100,
        "price": 18999,
        "tickDirection": "ZeroPlusTick",
        "trdMatchID": "04e4119f-9069-ae3b-a09b-19b4fe7eeb0f",
        "grossValue": 5789773,
        "homeNotional": 0.05789773,
        "foreignNotional": 1100
    },
    {
        "timestamp": "2022-09-25T15:51:41.525Z",
        "symbol": "XBTUSD",
        "side": "Buy",
        "size": 2800,
        "price": 18999,
        "tickDirection": "ZeroPlusTick",
        "trdMatchID": "e2b15213-ab7b-1095-4b98-762e673b7cc2",
        "grossValue": 14737604,
        "homeNotional": 0.14737604,
        "foreignNotional": 2800
    },
    {
        "timestamp": "2022-09-25T15:51:41.525Z",
        "symbol": "XBTUSD",
        "side": "Buy",
        "size": 100,
        "price": 18999,
        "tickDirection": "ZeroPlusTick",
        "trdMatchID": "86284b21-925a-e154-c144-1173305bdaf1",
        "grossValue": 526343,
        "homeNotional": 0.00526343,
        "foreignNotional": 100
    },
    {
        "timestamp": "2022-09-25T15:51:41.525Z",
        "symbol": "XBTUSD",
        "side": "Buy",
        "size": 400,
        "price": 18999,
        "tickDirection": "ZeroPlusTick",
        "trdMatchID": "22260f09-0276-fc85-1977-78b9392eccdd",
        "grossValue": 2105372,
        "homeNotional": 0.02105372,
        "foreignNotional": 400
    },
    {
        "timestamp": "2022-09-25T15:51:41.525Z",
        "symbol": "XBTUSD",
        "side": "Buy",
        "size": 400,
        "price": 18999,
        "tickDirection": "ZeroPlusTick",
        "trdMatchID": "636e0328-6fb0-d253-019b-b497c5e61ca8",
        "grossValue": 2105372,
        "homeNotional": 0.02105372,
        "foreignNotional": 400
    },
    {
        "timestamp": "2022-09-25T15:51:41.525Z",
        "symbol": "XBTUSD",
        "side": "Buy",
        "size": 200,
        "price": 18999,
        "tickDirection": "ZeroPlusTick",
        "trdMatchID": "0d9748a2-ead2-3d1a-9c0e-906eae72dd67",
        "grossValue": 1052686,
        "homeNotional": 0.01052686,
        "foreignNotional": 200
    },
    {
        "timestamp": "2022-09-25T15:50:46.983Z",
        "symbol": "XBTUSD",
        "side": "Buy",
        "size": 300,
        "price": 18999,
        "tickDirection": "PlusTick",
        "trdMatchID": "e03de8bc-f896-6538-7e0e-fd5bd724952a",
        "grossValue": 1579029,
        "homeNotional": 0.01579029,
        "foreignNotional": 300
    },
    {
        "timestamp": "2022-09-25T15:49:21.272Z",
        "symbol": "XBTUSD",
        "side": "Sell",
        "size": 500,
        "price": 18998.5,
        "tickDirection": "MinusTick",
        "trdMatchID": "a602c3da-734b-a784-aa06-e6d3d9a52a94",
        "grossValue": 2631785,
        "homeNotional": 0.02631785,
        "foreignNotional": 500
    },
    {
        "timestamp": "2022-09-25T15:49:03.481Z",
        "symbol": "XBTUSD",
        "side": "Buy",
        "size": 400,
        "price": 18999,
        "tickDirection": "ZeroMinusTick",
        "trdMatchID": "9d3bdd65-dacd-fb30-7f00-69803a1ab2d6",
        "grossValue": 2105372,
        "homeNotional": 0.02105372,
        "foreignNotional": 400
    },
    {
        "timestamp": "2022-09-25T15:49:03.481Z",
        "symbol": "XBTUSD",
        "side": "Buy",
        "size": 4600,
        "price": 18999,
        "tickDirection": "ZeroMinusTick",
        "trdMatchID": "c01eb4ac-482f-0c91-f27e-589f9ce4ea2c",
        "grossValue": 24211778,
        "homeNotional": 0.24211778,
        "foreignNotional": 4600
    },
    {
        "timestamp": "2022-09-25T15:48:36.874Z",
        "symbol": "XBTUSD",
        "side": "Sell",
        "size": 200,
        "price": 18999,
        "tickDirection": "ZeroMinusTick",
        "trdMatchID": "1c6f9754-659f-7e21-148c-66cc076aba48",
        "grossValue": 1052686,
        "homeNotional": 0.01052686,
        "foreignNotional": 200
    },
    {
        "timestamp": "2022-09-25T15:48:36.874Z",
        "symbol": "XBTUSD",
        "side": "Sell",
        "size": 200,
        "price": 18999,
        "tickDirection": "ZeroMinusTick",
        "trdMatchID": "81952bfe-1621-ff79-f083-f70816e421e2",
        "grossValue": 1052686,
        "homeNotional": 0.01052686,
        "foreignNotional": 200
    },
    {
        "timestamp": "2022-09-25T15:48:36.874Z",
        "symbol": "XBTUSD",
        "side": "Sell",
        "size": 33700,
        "price": 18999,
        "tickDirection": "ZeroMinusTick",
        "trdMatchID": "b299c0fd-18b5-cd66-b651-39099d7e5f12",
        "grossValue": 177377591,
        "homeNotional": 1.77377591,
        "foreignNotional": 33700
    },
    {
        "timestamp": "2022-09-25T15:48:36.874Z",
        "symbol": "XBTUSD",
        "side": "Sell",
        "size": 2800,
        "price": 18999,
        "tickDirection": "ZeroMinusTick",
        "trdMatchID": "a730c3cb-321e-22bc-fd28-e3bc5b053b93",
        "grossValue": 14737604,
        "homeNotional": 0.14737604,
        "foreignNotional": 2800
    },
    {
        "timestamp": "2022-09-25T15:48:36.874Z",
        "symbol": "XBTUSD",
        "side": "Sell",
        "size": 6700,
        "price": 18999,
        "tickDirection": "ZeroMinusTick",
        "trdMatchID": "92e5b8f4-fdb5-1832-1d4c-e4950ce9c6d6",
        "grossValue": 35264981,
        "homeNotional": 0.35264981,
        "foreignNotional": 6700
    },
    {
        "timestamp": "2022-09-25T15:48:36.874Z",
        "symbol": "XBTUSD",
        "side": "Sell",
        "size": 15300,
        "price": 18999,
        "tickDirection": "ZeroMinusTick",
        "trdMatchID": "f5cea526-c9e4-55da-a7ad-a972062d7a92",
        "grossValue": 80530479,
        "homeNotional": 0.80530479,
        "foreignNotional": 15300
    },
    {
        "timestamp": "2022-09-25T15:48:36.853Z",
        "symbol": "XBTUSD",
        "side": "Sell",
        "size": 8900,
        "price": 18999,
        "tickDirection": "ZeroMinusTick",
        "trdMatchID": "cae992fc-ff6a-45fa-e669-c604431964e2",
        "grossValue": 46844527,
        "homeNotional": 0.46844527,
        "foreignNotional": 8900
    },
    {
        "timestamp": "2022-09-25T15:48:36.853Z",
        "symbol": "XBTUSD",
        "side": "Sell",
        "size": 700,
        "price": 18999,
        "tickDirection": "ZeroMinusTick",
        "trdMatchID": "a180a6f2-dd68-c653-6456-17450d74b175",
        "grossValue": 3684401,
        "homeNotional": 0.03684401,
        "foreignNotional": 700
    },
    {
        "timestamp": "2022-09-25T15:48:36.853Z",
        "symbol": "XBTUSD",
        "side": "Sell",
        "size": 100,
        "price": 18999,
        "tickDirection": "ZeroMinusTick",
        "trdMatchID": "3aca62ff-7b3b-6afa-fb6f-89e5c6b073c2",
        "grossValue": 526343,
        "homeNotional": 0.00526343,
        "foreignNotional": 100
    },
    {
        "timestamp": "2022-09-25T15:48:36.853Z",
        "symbol": "XBTUSD",
        "side": "Sell",
        "size": 300,
        "price": 18999,
        "tickDirection": "MinusTick",
        "trdMatchID": "e4dfa42e-7761-bb85-ae3c-022425a54230",
        "grossValue": 1579029,
        "homeNotional": 0.01579029,
        "foreignNotional": 300
    },
    {
        "timestamp": "2022-09-25T15:48:27.892Z",
        "symbol": "XBTUSD",
        "side": "Buy",
        "size": 2000,
        "price": 18999.5,
        "tickDirection": "PlusTick",
        "trdMatchID": "0c54f252-07bb-37ae-4573-5993ee16c7e1",
        "grossValue": 10526600,
        "homeNotional": 0.105266,
        "foreignNotional": 2000
    },
    {
        "timestamp": "2022-09-25T15:47:36.608Z",
        "symbol": "XBTUSD",
        "side": "Buy",
        "size": 6300,
        "price": 18995,
        "tickDirection": "ZeroPlusTick",
        "trdMatchID": "0a67ab3c-9efb-e355-acf1-540cdbd2e77e",
        "grossValue": 33166602,
        "homeNotional": 0.33166602,
        "foreignNotional": 6300
    },
    {
        "timestamp": "2022-09-25T15:47:36.603Z",
        "symbol": "XBTUSD",
        "side": "Buy",
        "size": 3700,
        "price": 18995,
        "tickDirection": "ZeroPlusTick",
        "trdMatchID": "6b87172b-669e-d2c1-1189-70b7d1a645aa",
        "grossValue": 19478798,
        "homeNotional": 0.19478798,
        "foreignNotional": 3700
    },
    {
        "timestamp": "2022-09-25T15:47:36.603Z",
        "symbol": "XBTUSD",
        "side": "Buy",
        "size": 200,
        "price": 18995,
        "tickDirection": "ZeroPlusTick",
        "trdMatchID": "8164c4a6-b0d9-5d19-9a42-3815ea274742",
        "grossValue": 1052908,
        "homeNotional": 0.01052908,
        "foreignNotional": 200
    },
    {
        "timestamp": "2022-09-25T15:47:36.603Z",
        "symbol": "XBTUSD",
        "side": "Buy",
        "size": 1800,
        "price": 18995,
        "tickDirection": "ZeroPlusTick",
        "trdMatchID": "9020980c-4ab8-bf0a-11dc-72dfed9dd1cb",
        "grossValue": 9476172,
        "homeNotional": 0.09476172,
        "foreignNotional": 1800
    },
    {
        "timestamp": "2022-09-25T15:47:36.603Z",
        "symbol": "XBTUSD",
        "side": "Buy",
        "size": 300,
        "price": 18995,
        "tickDirection": "PlusTick",
        "trdMatchID": "7a5233c2-1543-2dc9-37cb-01419c9de5aa",
        "grossValue": 1579362,
        "homeNotional": 0.01579362,
        "foreignNotional": 300
    },
    {
        "timestamp": "2022-09-25T15:47:26.128Z",
        "symbol": "XBTUSD",
        "side": "Buy",
        "size": 400,
        "price": 18993,
        "tickDirection": "ZeroPlusTick",
        "trdMatchID": "58f083c7-c04f-bb0e-03ae-3fabd74826b5",
        "grossValue": 2106040,
        "homeNotional": 0.0210604,
        "foreignNotional": 400
    },
    {
        "timestamp": "2022-09-25T15:47:26.034Z",
        "symbol": "XBTUSD",
        "side": "Buy",
        "size": 1400,
        "price": 18993,
        "tickDirection": "ZeroPlusTick",
        "trdMatchID": "250ee499-34b3-f4d0-223c-e34ad847fadc",
        "grossValue": 7371140,
        "homeNotional": 0.0737114,
        "foreignNotional": 1400
    },
    {
        "timestamp": "2022-09-25T15:47:26.012Z",
        "symbol": "XBTUSD",
        "side": "Buy",
        "size": 1000,
        "price": 18993,
        "tickDirection": "ZeroPlusTick",
        "trdMatchID": "54be433b-5c83-9782-0669-5da1f499cfc8",
        "grossValue": 5265100,
        "homeNotional": 0.052651,
        "foreignNotional": 1000
    },
    {
        "timestamp": "2022-09-25T15:47:26.009Z",
        "symbol": "XBTUSD",
        "side": "Buy",
        "size": 400,
        "price": 18993,
        "tickDirection": "ZeroPlusTick",
        "trdMatchID": "3d248dfa-0d35-bd37-042c-dbb9d2e7448a",
        "grossValue": 2106040,
        "homeNotional": 0.0210604,
        "foreignNotional": 400
    },
    {
        "timestamp": "2022-09-25T15:47:25.904Z",
        "symbol": "XBTUSD",
        "side": "Buy",
        "size": 1800,
        "price": 18993,
        "tickDirection": "PlusTick",
        "trdMatchID": "a6ec2f3a-b55b-ab6c-8f67-f5e2e08fc923",
        "grossValue": 9477180,
        "homeNotional": 0.0947718,
        "foreignNotional": 1800
    },
    {
        "timestamp": "2022-09-25T15:47:24.732Z",
        "symbol": "XBTUSD",
        "side": "Buy",
        "size": 2700,
        "price": 18991,
        "tickDirection": "ZeroPlusTick",
        "trdMatchID": "a2e65524-8f9c-9efe-0846-4c63803dcd09",
        "grossValue": 14217255,
        "homeNotional": 0.14217255,
        "foreignNotional": 2700
    },
    {
        "timestamp": "2022-09-25T15:47:24.716Z",
        "symbol": "XBTUSD",
        "side": "Buy",
        "size": 2300,
        "price": 18991,
        "tickDirection": "PlusTick",
        "trdMatchID": "d6a04218-d9e0-bda0-fcc5-344b81040073",
        "grossValue": 12110995,
        "homeNotional": 0.12110995,
        "foreignNotional": 2300
    },
    {
        "timestamp": "2022-09-25T15:47:24.018Z",
        "symbol": "XBTUSD",
        "side": "Buy",
        "size": 1000,
        "price": 18990,
        "tickDirection": "ZeroPlusTick",
        "trdMatchID": "572e2a5d-5646-62da-9a8b-bfe671cf878f",
        "grossValue": 5265930,
        "homeNotional": 0.0526593,
        "foreignNotional": 1000
    },
    {
        "timestamp": "2022-09-25T15:47:24.018Z",
        "symbol": "XBTUSD",
        "side": "Buy",
        "size": 600,
        "price": 18990,
        "tickDirection": "PlusTick",
        "trdMatchID": "9b6cf254-fc6c-6eff-9414-08d42f045e07",
        "grossValue": 3159558,
        "homeNotional": 0.03159558,
        "foreignNotional": 600
    },
    {
        "timestamp": "2022-09-25T15:47:23.957Z",
        "symbol": "XBTUSD",
        "side": "Buy",
        "size": 5000,
        "price": 18989.5,
        "tickDirection": "ZeroPlusTick",
        "trdMatchID": "13811796-87c5-4205-a3c7-bd9c302b7c9c",
        "grossValue": 26330350,
        "homeNotional": 0.2633035,
        "foreignNotional": 5000
    },
    {
        "timestamp": "2022-09-25T15:47:23.957Z",
        "symbol": "XBTUSD",
        "side": "Buy",
        "size": 900,
        "price": 18989.5,
        "tickDirection": "PlusTick",
        "trdMatchID": "afa997b8-2815-0201-1bbb-f3f13fe03ced",
        "grossValue": 4739463,
        "homeNotional": 0.04739463,
        "foreignNotional": 900
    },
    {
        "timestamp": "2022-09-25T15:47:23.861Z",
        "symbol": "XBTUSD",
        "side": "Buy",
        "size": 3000,
        "price": 18989,
        "tickDirection": "ZeroPlusTick",
        "trdMatchID": "8bf833c0-78e9-560b-c309-b272109f6731",
        "grossValue": 15798630,
        "homeNotional": 0.1579863,
        "foreignNotional": 3000
    },
    {
        "timestamp": "2022-09-25T15:47:23.861Z",
        "symbol": "XBTUSD",
        "side": "Buy",
        "size": 200,
        "price": 18989,
        "tickDirection": "ZeroPlusTick",
        "trdMatchID": "504bd583-9b8d-045d-1fb7-02b194da4aee",
        "grossValue": 1053242,
        "homeNotional": 0.01053242,
        "foreignNotional": 200
    },
    {
        "timestamp": "2022-09-25T15:47:23.861Z",
        "symbol": "XBTUSD",
        "side": "Buy",
        "size": 1200,
        "price": 18989,
        "tickDirection": "ZeroPlusTick",
        "trdMatchID": "b1e57905-c763-d8ad-46d7-aed047856ed9",
        "grossValue": 6319452,
        "homeNotional": 0.06319452,
        "foreignNotional": 1200
    },
    {
        "timestamp": "2022-09-25T15:47:23.861Z",
        "symbol": "XBTUSD",
        "side": "Buy",
        "size": 21800,
        "price": 18989,
        "tickDirection": "ZeroPlusTick",
        "trdMatchID": "813b2adc-8611-d568-382e-8f4b50c6caa8",
        "grossValue": 114803378,
        "homeNotional": 1.14803378,
        "foreignNotional": 21800
    },
    {
        "timestamp": "2022-09-25T15:47:23.861Z",
        "symbol": "XBTUSD",
        "side": "Buy",
        "size": 100,
        "price": 18989,
        "tickDirection": "ZeroPlusTick",
        "trdMatchID": "40865050-cb90-7ef8-4fe6-fbf874ba1fdb",
        "grossValue": 526621,
        "homeNotional": 0.00526621,
        "foreignNotional": 100
    },
    {
        "timestamp": "2022-09-25T15:47:23.861Z",
        "symbol": "XBTUSD",
        "side": "Buy",
        "size": 300,
        "price": 18989,
        "tickDirection": "ZeroPlusTick",
        "trdMatchID": "48eba426-ba45-3572-bfe6-89bdd6689d0d",
        "grossValue": 1579863,
        "homeNotional": 0.01579863,
        "foreignNotional": 300
    },
    {
        "timestamp": "2022-09-25T15:47:23.861Z",
        "symbol": "XBTUSD",
        "side": "Buy",
        "size": 1200,
        "price": 18989,
        "tickDirection": "ZeroPlusTick",
        "trdMatchID": "b11dcbfa-b9af-3929-f787-da857337ab9d",
        "grossValue": 6319452,
        "homeNotional": 0.06319452,
        "foreignNotional": 1200
    },
    {
        "timestamp": "2022-09-25T15:47:23.850Z",
        "symbol": "XBTUSD",
        "side": "Buy",
        "size": 2200,
        "price": 18989,
        "tickDirection": "ZeroPlusTick",
        "trdMatchID": "b128eb60-203f-5760-2d85-5baa66fdab45",
        "grossValue": 11585662,
        "homeNotional": 0.11585662,
        "foreignNotional": 2200
    },
    {
        "timestamp": "2022-09-25T15:47:23.850Z",
        "symbol": "XBTUSD",
        "side": "Buy",
        "size": 200,
        "price": 18989,
        "tickDirection": "ZeroPlusTick",
        "trdMatchID": "bed1c80a-91ad-1832-eb1c-ed111c7b77c6",
        "grossValue": 1053242,
        "homeNotional": 0.01053242,
        "foreignNotional": 200
    },
    {
        "timestamp": "2022-09-25T15:47:23.850Z",
        "symbol": "XBTUSD",
        "side": "Buy",
        "size": 3600,
        "price": 18989,
        "tickDirection": "ZeroPlusTick",
        "trdMatchID": "3cb93399-3275-4093-807e-abbb30a8337c",
        "grossValue": 18958356,
        "homeNotional": 0.18958356,
        "foreignNotional": 3600
    },
    {
        "timestamp": "2022-09-25T15:47:23.834Z",
        "symbol": "XBTUSD",
        "side": "Buy",
        "size": 10300,
        "price": 18989,
        "tickDirection": "ZeroPlusTick",
        "trdMatchID": "9c59ce10-2ed2-2642-fc5a-118b7a9049bf",
        "grossValue": 54241963,
        "homeNotional": 0.54241963,
        "foreignNotional": 10300
    },
    {
        "timestamp": "2022-09-25T15:47:23.828Z",
        "symbol": "XBTUSD",
        "side": "Buy",
        "size": 6000,
        "price": 18989,
        "tickDirection": "ZeroPlusTick",
        "trdMatchID": "003ad5ca-d754-ad39-1e5d-606aad64e9c1",
        "grossValue": 31597260,
        "homeNotional": 0.3159726,
        "foreignNotional": 6000
    },
    {
        "timestamp": "2022-09-25T15:47:23.823Z",
        "symbol": "XBTUSD",
        "side": "Buy",
        "size": 7200,
        "price": 18989,
        "tickDirection": "ZeroPlusTick",
        "trdMatchID": "7fe692de-97df-0e76-7e68-4bc9c9585b02",
        "grossValue": 37916712,
        "homeNotional": 0.37916712,
        "foreignNotional": 7200
    },
    {
        "timestamp": "2022-09-25T15:47:23.823Z",
        "symbol": "XBTUSD",
        "side": "Buy",
        "size": 700,
        "price": 18989,
        "tickDirection": "ZeroPlusTick",
        "trdMatchID": "d7df4026-16c0-da1e-5a48-fe5ce26c9515",
        "grossValue": 3686347,
        "homeNotional": 0.03686347,
        "foreignNotional": 700
    },
    {
        "timestamp": "2022-09-25T15:47:23.823Z",
        "symbol": "XBTUSD",
        "side": "Buy",
        "size": 100,
        "price": 18989,
        "tickDirection": "PlusTick",
        "trdMatchID": "fae568bb-b351-b26a-1ab9-b94c900a11c4",
        "grossValue": 526621,
        "homeNotional": 0.00526621,
        "foreignNotional": 100
    },
    {
        "timestamp": "2022-09-25T15:44:06.054Z",
        "symbol": "XBTUSD",
        "side": "Sell",
        "size": 100,
        "price": 18988.5,
        "tickDirection": "MinusTick",
        "trdMatchID": "1a66c13b-b747-1823-3b8f-8d0622f8a113",
        "grossValue": 526635,
        "homeNotional": 0.00526635,
        "foreignNotional": 100
    },
    {
        "timestamp": "2022-09-25T15:44:03.466Z",
        "symbol": "XBTUSD",
        "side": "Buy",
        "size": 1500,
        "price": 18989,
        "tickDirection": "ZeroPlusTick",
        "trdMatchID": "06ac3bc9-4b84-4ce1-af08-af9906b5def7",
        "grossValue": 7899315,
        "homeNotional": 0.07899315,
        "foreignNotional": 1500
    },
    {
        "timestamp": "2022-09-25T15:43:48.038Z",
        "symbol": "XBTUSD",
        "side": "Buy",
        "size": 3500,
        "price": 18989,
        "tickDirection": "ZeroPlusTick",
        "trdMatchID": "23661e71-9688-3dd0-edce-d4f8939d6bc4",
        "grossValue": 18431735,
        "homeNotional": 0.18431735,
        "foreignNotional": 3500
    },
    {
        "timestamp": "2022-09-25T15:43:42.220Z",
        "symbol": "XBTUSD",
        "side": "Buy",
        "size": 3500,
        "price": 18989,
        "tickDirection": "PlusTick",
        "trdMatchID": "96366149-b235-2dbc-9e82-d9a71f142752",
        "grossValue": 18431735,
        "homeNotional": 0.18431735,
        "foreignNotional": 3500
    },
    {
        "timestamp": "2022-09-25T15:43:39.956Z",
        "symbol": "XBTUSD",
        "side": "Sell",
        "size": 500,
        "price": 18988.5,
        "tickDirection": "PlusTick",
        "trdMatchID": "7b65e2fd-1381-975f-cfa3-26b423ee8279",
        "grossValue": 2633175,
        "homeNotional": 0.02633175,
        "foreignNotional": 500
    },
    {
        "timestamp": "2022-09-25T15:43:35.823Z",
        "symbol": "XBTUSD",
        "side": "Buy",
        "size": 3100,
        "price": 18987,
        "tickDirection": "ZeroMinusTick",
        "trdMatchID": "0d6db847-16cc-0175-d3e8-deb5fdab0eba",
        "grossValue": 16326956,
        "homeNotional": 0.16326956,
        "foreignNotional": 3100
    },
    {
        "timestamp": "2022-09-25T15:43:35.823Z",
        "symbol": "XBTUSD",
        "side": "Buy",
        "size": 400,
        "price": 18987,
        "tickDirection": "MinusTick",
        "trdMatchID": "42ac7761-281d-5d2b-d03b-2050029996f5",
        "grossValue": 2106704,
        "homeNotional": 0.02106704,
        "foreignNotional": 400
    },
    {
        "timestamp": "2022-09-25T15:43:19.827Z",
        "symbol": "XBTUSD",
        "side": "Sell",
        "size": 500,
        "price": 18988.5,
        "tickDirection": "ZeroMinusTick",
        "trdMatchID": "1601ebd7-e18d-d50e-9cdc-2a5fb7bf98b0",
        "grossValue": 2633175,
        "homeNotional": 0.02633175,
        "foreignNotional": 500
    },
    {
        "timestamp": "2022-09-25T15:43:19.827Z",
        "symbol": "XBTUSD",
        "side": "Sell",
        "size": 100,
        "price": 18988.5,
        "tickDirection": "ZeroMinusTick",
        "trdMatchID": "8c03b97a-bd77-47e5-091a-593fb3b9d78c",
        "grossValue": 526635,
        "homeNotional": 0.00526635,
        "foreignNotional": 100
    },
    {
        "timestamp": "2022-09-25T15:43:19.827Z",
        "symbol": "XBTUSD",
        "side": "Sell",
        "size": 100,
        "price": 18988.5,
        "tickDirection": "MinusTick",
        "trdMatchID": "feb20f17-4b7f-00e9-997a-019ec648d8e1",
        "grossValue": 526635,
        "homeNotional": 0.00526635,
        "foreignNotional": 100
    },
    {
        "timestamp": "2022-09-25T15:43:07.815Z",
        "symbol": "XBTUSD",
        "side": "Buy",
        "size": 400,
        "price": 18989,
        "tickDirection": "PlusTick",
        "trdMatchID": "f83cee14-fddf-3d7c-ce3d-d350e5e1a01c",
        "grossValue": 2106484,
        "homeNotional": 0.02106484,
        "foreignNotional": 400
    },
    {
        "timestamp": "2022-09-25T15:43:06.017Z",
        "symbol": "XBTUSD",
        "side": "Buy",
        "size": 100,
        "price": 18988,
        "tickDirection": "ZeroPlusTick",
        "trdMatchID": "8261cfeb-2e30-8242-28bd-57ecbb193305",
        "grossValue": 526648,
        "homeNotional": 0.00526648,
        "foreignNotional": 100
    },
    {
        "timestamp": "2022-09-25T15:43:06.017Z",
        "symbol": "XBTUSD",
        "side": "Buy",
        "size": 100,
        "price": 18988,
        "tickDirection": "ZeroPlusTick",
        "trdMatchID": "d8de8ca4-9db3-9c5b-444c-ceaf959e2b2f",
        "grossValue": 526648,
        "homeNotional": 0.00526648,
        "foreignNotional": 100
    },
    {
        "timestamp": "2022-09-25T15:43:06.017Z",
        "symbol": "XBTUSD",
        "side": "Buy",
        "size": 1400,
        "price": 18988,
        "tickDirection": "PlusTick",
        "trdMatchID": "a108467e-c3f7-7739-4ec1-0ac96c008435",
        "grossValue": 7373072,
        "homeNotional": 0.07373072,
        "foreignNotional": 1400
    },
    {
        "timestamp": "2022-09-25T15:43:04.076Z",
        "symbol": "XBTUSD",
        "side": "Sell",
        "size": 100,
        "price": 18987.5,
        "tickDirection": "PlusTick",
        "trdMatchID": "aaec6b44-c57a-b350-907c-03f0b86ec04e",
        "grossValue": 526662,
        "homeNotional": 0.00526662,
        "foreignNotional": 100
    },
    {
        "timestamp": "2022-09-25T15:43:03.585Z",
        "symbol": "XBTUSD",
        "side": "Buy",
        "size": 100,
        "price": 18983.5,
        "tickDirection": "ZeroMinusTick",
        "trdMatchID": "13811e5a-13bc-9b41-631b-694b98d41323",
        "grossValue": 526773,
        "homeNotional": 0.00526773,
        "foreignNotional": 100
    },
    {
        "timestamp": "2022-09-25T15:43:03.585Z",
        "symbol": "XBTUSD",
        "side": "Buy",
        "size": 200,
        "price": 18983.5,
        "tickDirection": "ZeroMinusTick",
        "trdMatchID": "65e25bf3-4b93-4b7c-9ec7-0ab4d4bd37be",
        "grossValue": 1053546,
        "homeNotional": 0.01053546,
        "foreignNotional": 200
    },
    {
        "timestamp": "2022-09-25T15:43:03.585Z",
        "symbol": "XBTUSD",
        "side": "Buy",
        "size": 200,
        "price": 18983.5,
        "tickDirection": "ZeroMinusTick",
        "trdMatchID": "30dbfc77-71ce-486e-83a5-37ffa3c3c4db",
        "grossValue": 1053546,
        "homeNotional": 0.01053546,
        "foreignNotional": 200
    },
    {
        "timestamp": "2022-09-25T15:43:03.585Z",
        "symbol": "XBTUSD",
        "side": "Buy",
        "size": 5600,
        "price": 18983.5,
        "tickDirection": "MinusTick",
        "trdMatchID": "84cdba81-cd57-87e8-82b6-8c98bdac97d4",
        "grossValue": 29499288,
        "homeNotional": 0.29499288,
        "foreignNotional": 5600
    },
    {
        "timestamp": "2022-09-25T15:42:37.274Z",
        "symbol": "XBTUSD",
        "side": "Sell",
        "size": 200,
        "price": 18989,
        "tickDirection": "ZeroMinusTick",
        "trdMatchID": "763f5814-fb5a-993a-de21-3b245d62412d",
        "grossValue": 1053242,
        "homeNotional": 0.01053242,
        "foreignNotional": 200
    },
    {
        "timestamp": "2022-09-25T15:42:37.274Z",
        "symbol": "XBTUSD",
        "side": "Sell",
        "size": 200,
        "price": 18989,
        "tickDirection": "ZeroMinusTick",
        "trdMatchID": "d7ce8bf6-386d-3dcd-4faa-1809aff09fae",
        "grossValue": 1053242,
        "homeNotional": 0.01053242,
        "foreignNotional": 200
    },
    {
        "timestamp": "2022-09-25T15:42:37.274Z",
        "symbol": "XBTUSD",
        "side": "Sell",
        "size": 300,
        "price": 18989,
        "tickDirection": "ZeroMinusTick",
        "trdMatchID": "e64c38d0-2810-804e-9f11-f5a72000c5df",
        "grossValue": 1579863,
        "homeNotional": 0.01579863,
        "foreignNotional": 300
    },
    {
        "timestamp": "2022-09-25T15:42:37.274Z",
        "symbol": "XBTUSD",
        "side": "Sell",
        "size": 100,
        "price": 18989,
        "tickDirection": "ZeroMinusTick",
        "trdMatchID": "b8eecae1-4627-d7b7-71ab-8dd6198489b7",
        "grossValue": 526621,
        "homeNotional": 0.00526621,
        "foreignNotional": 100
    },
    {
        "timestamp": "2022-09-25T15:42:37.274Z",
        "symbol": "XBTUSD",
        "side": "Sell",
        "size": 200,
        "price": 18989,
        "tickDirection": "ZeroMinusTick",
        "trdMatchID": "9ed5f5f3-e907-8525-7c69-2bbdece0cddb",
        "grossValue": 1053242,
        "homeNotional": 0.01053242,
        "foreignNotional": 200
    },
    {
        "timestamp": "2022-09-25T15:42:37.274Z",
        "symbol": "XBTUSD",
        "side": "Sell",
        "size": 15900,
        "price": 18989,
        "tickDirection": "ZeroMinusTick",
        "trdMatchID": "361cf95f-b5b1-bfc6-4f0e-7a2a7f43277c",
        "grossValue": 83732739,
        "homeNotional": 0.83732739,
        "foreignNotional": 15900
    },
    {
        "timestamp": "2022-09-25T15:42:37.269Z",
        "symbol": "XBTUSD",
        "side": "Sell",
        "size": 10500,
        "price": 18989,
        "tickDirection": "ZeroMinusTick",
        "trdMatchID": "75e086ab-dc5f-77fc-665a-90dd343e7a6e",
        "grossValue": 55295205,
        "homeNotional": 0.55295205,
        "foreignNotional": 10500
    },
    {
        "timestamp": "2022-09-25T15:42:37.269Z",
        "symbol": "XBTUSD",
        "side": "Sell",
        "size": 700,
        "price": 18989,
        "tickDirection": "ZeroMinusTick",
        "trdMatchID": "e7a5921d-cc39-bacf-5105-f8e330dfe575",
        "grossValue": 3686347,
        "homeNotional": 0.03686347,
        "foreignNotional": 700
    },
    {
        "timestamp": "2022-09-25T15:42:37.269Z",
        "symbol": "XBTUSD",
        "side": "Sell",
        "size": 3100,
        "price": 18989,
        "tickDirection": "ZeroMinusTick",
        "trdMatchID": "168bbe8b-859e-39b9-c30d-35577aca39fd",
        "grossValue": 16325251,
        "homeNotional": 0.16325251,
        "foreignNotional": 3100
    },
    {
        "timestamp": "2022-09-25T15:42:37.269Z",
        "symbol": "XBTUSD",
        "side": "Sell",
        "size": 7200,
        "price": 18989,
        "tickDirection": "ZeroMinusTick",
        "trdMatchID": "1161e057-071d-5b46-d916-e53cc9819df1",
        "grossValue": 37916712,
        "homeNotional": 0.37916712,
        "foreignNotional": 7200
    },
    {
        "timestamp": "2022-09-25T15:42:37.269Z",
        "symbol": "XBTUSD",
        "side": "Sell",
        "size": 28500,
        "price": 18989,
        "tickDirection": "ZeroMinusTick",
        "trdMatchID": "e8dc600e-39a0-335d-7ce4-07f2c17a7169",
        "grossValue": 150086985,
        "homeNotional": 1.50086985,
        "foreignNotional": 28500
    },
    {
        "timestamp": "2022-09-25T15:42:37.265Z",
        "symbol": "XBTUSD",
        "side": "Sell",
        "size": 8000,
        "price": 18989,
        "tickDirection": "MinusTick",
        "trdMatchID": "840c748f-7e05-b958-d02e-cdc48282213a",
        "grossValue": 42129680,
        "homeNotional": 0.4212968,
        "foreignNotional": 8000
    },
    {
        "timestamp": "2022-09-25T15:42:08.545Z",
        "symbol": "XBTUSD",
        "side": "Buy",
        "size": 100,
        "price": 18989.5,
        "tickDirection": "PlusTick",
        "trdMatchID": "153f8cf1-a89b-8956-d3a5-7316b0aefc15",
        "grossValue": 526607,
        "homeNotional": 0.00526607,
        "foreignNotional": 100
    },
    {
        "timestamp": "2022-09-25T15:41:16.976Z",
        "symbol": "XBTUSD",
        "side": "Buy",
        "size": 700,
        "price": 18985,
        "tickDirection": "ZeroPlusTick",
        "trdMatchID": "6fe2bd01-951e-8f34-c18a-a2ffb62a1717",
        "grossValue": 3687124,
        "homeNotional": 0.03687124,
        "foreignNotional": 700
    },
    {
        "timestamp": "2022-09-25T15:41:16.976Z",
        "symbol": "XBTUSD",
        "side": "Buy",
        "size": 13200,
        "price": 18985,
        "tickDirection": "ZeroPlusTick",
        "trdMatchID": "f8a9eaef-c833-ac66-2f0d-e263e9069d51",
        "grossValue": 69528624,
        "homeNotional": 0.69528624,
        "foreignNotional": 13200
    },
    {
        "timestamp": "2022-09-25T15:41:16.973Z",
        "symbol": "XBTUSD",
        "side": "Buy",
        "size": 9900,
        "price": 18985,
        "tickDirection": "ZeroPlusTick",
        "trdMatchID": "ba61ced3-339f-9bf4-c7cc-0dfbe99350d2",
        "grossValue": 52146468,
        "homeNotional": 0.52146468,
        "foreignNotional": 9900
    },
    {
        "timestamp": "2022-09-25T15:41:16.973Z",
        "symbol": "XBTUSD",
        "side": "Buy",
        "size": 100,
        "price": 18985,
        "tickDirection": "ZeroPlusTick",
        "trdMatchID": "1b50fb29-3698-449e-e06a-9241cecf295e",
        "grossValue": 526732,
        "homeNotional": 0.00526732,
        "foreignNotional": 100
    },
    {
        "timestamp": "2022-09-25T15:41:13.957Z",
        "symbol": "XBTUSD",
        "side": "Buy",
        "size": 4900,
        "price": 18985,
        "tickDirection": "ZeroPlusTick",
        "trdMatchID": "24e3292e-a1f5-2c1f-b206-16a317079b55",
        "grossValue": 25809868,
        "homeNotional": 0.25809868,
        "foreignNotional": 4900
    },
    {
        "timestamp": "2022-09-25T15:41:13.957Z",
        "symbol": "XBTUSD",
        "side": "Buy",
        "size": 100,
        "price": 18985,
        "tickDirection": "ZeroPlusTick",
        "trdMatchID": "54857bfa-23a3-8429-8eb1-70d42e7d5b39",
        "grossValue": 526732,
        "homeNotional": 0.00526732,
        "foreignNotional": 100
    },
    {
        "timestamp": "2022-09-25T15:41:13.957Z",
        "symbol": "XBTUSD",
        "side": "Buy",
        "size": 100,
        "price": 18985,
        "tickDirection": "ZeroPlusTick",
        "trdMatchID": "96ebc00d-6da7-6603-c460-98cc3c03426c",
        "grossValue": 526732,
        "homeNotional": 0.00526732,
        "foreignNotional": 100
    },
    {
        "timestamp": "2022-09-25T15:41:13.957Z",
        "symbol": "XBTUSD",
        "side": "Buy",
        "size": 900,
        "price": 18985,
        "tickDirection": "ZeroPlusTick",
        "trdMatchID": "9bf72347-7b03-ad39-72fc-162094108fa9",
        "grossValue": 4740588,
        "homeNotional": 0.04740588,
        "foreignNotional": 900
    },
    {
        "timestamp": "2022-09-25T15:40:54.520Z",
        "symbol": "XBTUSD",
        "side": "Buy",
        "size": 500,
        "price": 18985,
        "tickDirection": "PlusTick",
        "trdMatchID": "54da59d8-3951-20cf-c733-2a6e7fae1144",
        "grossValue": 2633660,
        "homeNotional": 0.0263366,
        "foreignNotional": 500
    },
    {
        "timestamp": "2022-09-25T15:40:32.673Z",
        "symbol": "XBTUSD",
        "side": "Buy",
        "size": 1500,
        "price": 18979,
        "tickDirection": "ZeroMinusTick",
        "trdMatchID": "86684711-3e8e-8a1a-1584-598ca12b79af",
        "grossValue": 7903470,
        "homeNotional": 0.0790347,
        "foreignNotional": 1500
    },
    {
        "timestamp": "2022-09-25T15:40:32.673Z",
        "symbol": "XBTUSD",
        "side": "Buy",
        "size": 100,
        "price": 18979,
        "tickDirection": "ZeroMinusTick",
        "trdMatchID": "1c2fb7a0-896e-401f-c00d-e92b5cea3224",
        "grossValue": 526898,
        "homeNotional": 0.00526898,
        "foreignNotional": 100
    },
    {
        "timestamp": "2022-09-25T15:40:32.673Z",
        "symbol": "XBTUSD",
        "side": "Buy",
        "size": 200,
        "price": 18979,
        "tickDirection": "ZeroMinusTick",
        "trdMatchID": "25296c7b-e224-afdd-ed5d-66a23132e378",
        "grossValue": 1053796,
        "homeNotional": 0.01053796,
        "foreignNotional": 200
    },
    {
        "timestamp": "2022-09-25T15:40:32.673Z",
        "symbol": "XBTUSD",
        "side": "Buy",
        "size": 100,
        "price": 18979,
        "tickDirection": "ZeroMinusTick",
        "trdMatchID": "dd66bffa-7ca6-779e-000b-417cba9d0de0",
        "grossValue": 526898,
        "homeNotional": 0.00526898,
        "foreignNotional": 100
    },
    {
        "timestamp": "2022-09-25T15:40:32.673Z",
        "symbol": "XBTUSD",
        "side": "Buy",
        "size": 2400,
        "price": 18979,
        "tickDirection": "ZeroMinusTick",
        "trdMatchID": "7ceae845-e067-e1af-67f6-b8dab746ae98",
        "grossValue": 12645552,
        "homeNotional": 0.12645552,
        "foreignNotional": 2400
    },
    {
        "timestamp": "2022-09-25T15:40:32.673Z",
        "symbol": "XBTUSD",
        "side": "Buy",
        "size": 200,
        "price": 18979,
        "tickDirection": "ZeroMinusTick",
        "trdMatchID": "925c9ad2-34f1-8f48-acb1-74a9ffcf82e9",
        "grossValue": 1053796,
        "homeNotional": 0.01053796,
        "foreignNotional": 200
    },
    {
        "timestamp": "2022-09-25T15:40:32.673Z",
        "symbol": "XBTUSD",
        "side": "Buy",
        "size": 1400,
        "price": 18979,
        "tickDirection": "ZeroMinusTick",
        "trdMatchID": "2a91f631-63ee-0239-ceb8-019ed955917e",
        "grossValue": 7376572,
        "homeNotional": 0.07376572,
        "foreignNotional": 1400
    },
    {
        "timestamp": "2022-09-25T15:40:32.673Z",
        "symbol": "XBTUSD",
        "side": "Buy",
        "size": 400,
        "price": 18979,
        "tickDirection": "ZeroMinusTick",
        "trdMatchID": "eb58abd9-f943-768c-3c6c-2f776b4d83a1",
        "grossValue": 2107592,
        "homeNotional": 0.02107592,
        "foreignNotional": 400
    },
    {
        "timestamp": "2022-09-25T15:40:32.673Z",
        "symbol": "XBTUSD",
        "side": "Buy",
        "size": 4600,
        "price": 18979,
        "tickDirection": "ZeroMinusTick",
        "trdMatchID": "62af4108-71c2-1241-7bd9-0ad5d7cdce25",
        "grossValue": 24237308,
        "homeNotional": 0.24237308,
        "foreignNotional": 4600
    },
    {
        "timestamp": "2022-09-25T15:40:32.673Z",
        "symbol": "XBTUSD",
        "side": "Buy",
        "size": 2500,
        "price": 18979,
        "tickDirection": "ZeroMinusTick",
        "trdMatchID": "e63ecd93-c6b2-4948-2613-5109fa90008b",
        "grossValue": 13172450,
        "homeNotional": 0.1317245,
        "foreignNotional": 2500
    },
    {
        "timestamp": "2022-09-25T15:40:32.667Z",
        "symbol": "XBTUSD",
        "side": "Buy",
        "size": 6000,
        "price": 18979,
        "tickDirection": "ZeroMinusTick",
        "trdMatchID": "cad5b987-5711-622d-e86f-c209436d2c3a",
        "grossValue": 31613880,
        "homeNotional": 0.3161388,
        "foreignNotional": 6000
    },
    {
        "timestamp": "2022-09-25T15:40:32.607Z",
        "symbol": "XBTUSD",
        "side": "Buy",
        "size": 10000,
        "price": 18979,
        "tickDirection": "MinusTick",
        "trdMatchID": "41d8198f-0681-2dd2-4531-2dd500670436",
        "grossValue": 52689800,
        "homeNotional": 0.526898,
        "foreignNotional": 10000
    },
    {
        "timestamp": "2022-09-25T15:39:49.392Z",
        "symbol": "XBTUSD",
        "side": "Sell",
        "size": 500,
        "price": 18980,
        "tickDirection": "ZeroMinusTick",
        "trdMatchID": "a311f05f-7544-d298-6867-40044dd37514",
        "grossValue": 2634350,
        "homeNotional": 0.0263435,
        "foreignNotional": 500
    },
    {
        "timestamp": "2022-09-25T15:39:49.392Z",
        "symbol": "XBTUSD",
        "side": "Sell",
        "size": 200,
        "price": 18980,
        "tickDirection": "ZeroMinusTick",
        "trdMatchID": "6974a925-8d49-99e9-09aa-fff403ad5c70",
        "grossValue": 1053740,
        "homeNotional": 0.0105374,
        "foreignNotional": 200
    },
    {
        "timestamp": "2022-09-25T15:39:49.392Z",
        "symbol": "XBTUSD",
        "side": "Sell",
        "size": 4000,
        "price": 18980,
        "tickDirection": "ZeroMinusTick",
        "trdMatchID": "8cdce1b6-dc68-8fd2-5329-d033bdb817b7",
        "grossValue": 21074800,
        "homeNotional": 0.210748,
        "foreignNotional": 4000
    },
    {
        "timestamp": "2022-09-25T15:39:49.367Z",
        "symbol": "XBTUSD",
        "side": "Sell",
        "size": 6000,
        "price": 18980,
        "tickDirection": "MinusTick",
        "trdMatchID": "351f3712-5b69-b568-02d7-83cc8fd9cbcc",
        "grossValue": 31612200,
        "homeNotional": 0.316122,
        "foreignNotional": 6000
    },
    {
        "timestamp": "2022-09-25T15:39:40.631Z",
        "symbol": "XBTUSD",
        "side": "Sell",
        "size": 100,
        "price": 18983.5,
        "tickDirection": "MinusTick",
        "trdMatchID": "1781cc6c-12b0-37af-1415-ee0a9c3e75be",
        "grossValue": 526773,
        "homeNotional": 0.00526773,
        "foreignNotional": 100
    },
    {
        "timestamp": "2022-09-25T15:39:37.486Z",
        "symbol": "XBTUSD",
        "side": "Sell",
        "size": 500,
        "price": 18988.5,
        "tickDirection": "ZeroPlusTick",
        "trdMatchID": "e0107479-51ae-9a72-f2a3-ade580979ac4",
        "grossValue": 2633175,
        "homeNotional": 0.02633175,
        "foreignNotional": 500
    },
    {
        "timestamp": "2022-09-25T15:39:37.486Z",
        "symbol": "XBTUSD",
        "side": "Sell",
        "size": 9000,
        "price": 18988.5,
        "tickDirection": "PlusTick",
        "trdMatchID": "bec08599-2c65-b747-b0da-a9b0c992c5ad",
        "grossValue": 47397150,
        "homeNotional": 0.4739715,
        "foreignNotional": 9000
    },
    {
        "timestamp": "2022-09-25T15:39:36.257Z",
        "symbol": "XBTUSD",
        "side": "Buy",
        "size": 2500,
        "price": 18984.5,
        "tickDirection": "ZeroMinusTick",
        "trdMatchID": "912b7e06-4f53-508f-a7ae-79cb115578d5",
        "grossValue": 13168650,
        "homeNotional": 0.1316865,
        "foreignNotional": 2500
    },
    {
        "timestamp": "2022-09-25T15:39:36.257Z",
        "symbol": "XBTUSD",
        "side": "Buy",
        "size": 300,
        "price": 18984.5,
        "tickDirection": "ZeroMinusTick",
        "trdMatchID": "23929e79-8a80-25fe-430f-c7513e3afc09",
        "grossValue": 1580238,
        "homeNotional": 0.01580238,
        "foreignNotional": 300
    },
    {
        "timestamp": "2022-09-25T15:39:36.257Z",
        "symbol": "XBTUSD",
        "side": "Buy",
        "size": 100,
        "price": 18984.5,
        "tickDirection": "ZeroMinusTick",
        "trdMatchID": "46e46796-c89a-42ee-324d-e92d23f6f86a",
        "grossValue": 526746,
        "homeNotional": 0.00526746,
        "foreignNotional": 100
    },
    {
        "timestamp": "2022-09-25T15:39:36.257Z",
        "symbol": "XBTUSD",
        "side": "Buy",
        "size": 73900,
        "price": 18984.5,
        "tickDirection": "ZeroMinusTick",
        "trdMatchID": "82bc2e5f-3b7f-f948-3618-d233d2774c8a",
        "grossValue": 389265294,
        "homeNotional": 3.89265294,
        "foreignNotional": 73900
    },
    {
        "timestamp": "2022-09-25T15:39:36.257Z",
        "symbol": "XBTUSD",
        "side": "Buy",
        "size": 8500,
        "price": 18984.5,
        "tickDirection": "MinusTick",
        "trdMatchID": "902fcc3a-ef60-8022-c0b1-ab479f2699a8",
        "grossValue": 44773410,
        "homeNotional": 0.4477341,
        "foreignNotional": 8500
    },
    {
        "timestamp": "2022-09-25T15:39:31.046Z",
        "symbol": "XBTUSD",
        "side": "Sell",
        "size": 100,
        "price": 18989,
        "tickDirection": "ZeroMinusTick",
        "trdMatchID": "d2e66293-9390-44fa-559f-073945300ce1",
        "grossValue": 526621,
        "homeNotional": 0.00526621,
        "foreignNotional": 100
    },
    {
        "timestamp": "2022-09-25T15:39:31.046Z",
        "symbol": "XBTUSD",
        "side": "Sell",
        "size": 200,
        "price": 18989,
        "tickDirection": "MinusTick",
        "trdMatchID": "3648f482-456a-1918-6527-203cc00ab8b6",
        "grossValue": 1053242,
        "homeNotional": 0.01053242,
        "foreignNotional": 200
    },
    {
        "timestamp": "2022-09-25T15:39:08.606Z",
        "symbol": "XBTUSD",
        "side": "Sell",
        "size": 200,
        "price": 18992,
        "tickDirection": "ZeroMinusTick",
        "trdMatchID": "02f6c90c-f28f-2abd-316b-703dd90ca59d",
        "grossValue": 1053074,
        "homeNotional": 0.01053074,
        "foreignNotional": 200
    },
    {
        "timestamp": "2022-09-25T15:39:08.606Z",
        "symbol": "XBTUSD",
        "side": "Sell",
        "size": 4500,
        "price": 18992,
        "tickDirection": "MinusTick",
        "trdMatchID": "86dd6ce4-3f16-0a97-886a-f4139c8048c4",
        "grossValue": 23694165,
        "homeNotional": 0.23694165,
        "foreignNotional": 4500
    },
    {
        "timestamp": "2022-09-25T15:39:02.034Z",
        "symbol": "XBTUSD",
        "side": "Sell",
        "size": 100,
        "price": 18992.5,
        "tickDirection": "ZeroMinusTick",
        "trdMatchID": "73afd15f-8178-d0f1-801e-5c6419a92472",
        "grossValue": 526524,
        "homeNotional": 0.00526524,
        "foreignNotional": 100
    },
    {
        "timestamp": "2022-09-25T15:39:02.034Z",
        "symbol": "XBTUSD",
        "side": "Sell",
        "size": 100,
        "price": 18992.5,
        "tickDirection": "ZeroMinusTick",
        "trdMatchID": "a108cc0b-83d9-a4a6-4ecd-eb9f1db86325",
        "grossValue": 526524,
        "homeNotional": 0.00526524,
        "foreignNotional": 100
    },
    {
        "timestamp": "2022-09-25T15:39:02.034Z",
        "symbol": "XBTUSD",
        "side": "Sell",
        "size": 200,
        "price": 18992.5,
        "tickDirection": "ZeroMinusTick",
        "trdMatchID": "45d00503-8e09-516c-9409-edfee0784e1c",
        "grossValue": 1053048,
        "homeNotional": 0.01053048,
        "foreignNotional": 200
    },
    {
        "timestamp": "2022-09-25T15:38:16.998Z",
        "symbol": "XBTUSD",
        "side": "Sell",
        "size": 100,
        "price": 18992.5,
        "tickDirection": "MinusTick",
        "trdMatchID": "faf858f5-0c5f-004d-2240-661fbb70466c",
        "grossValue": 526524,
        "homeNotional": 0.00526524,
        "foreignNotional": 100
    },
    {
        "timestamp": "2022-09-25T15:38:02.867Z",
        "symbol": "XBTUSD",
        "side": "Buy",
        "size": 2400,
        "price": 18993,
        "tickDirection": "ZeroPlusTick",
        "trdMatchID": "6a53c90c-d81e-dbbc-69ca-09ad48ff3973",
        "grossValue": 12636240,
        "homeNotional": 0.1263624,
        "foreignNotional": 2400
    },
    {
        "timestamp": "2022-09-25T15:38:02.867Z",
        "symbol": "XBTUSD",
        "side": "Buy",
        "size": 100,
        "price": 18993,
        "tickDirection": "ZeroPlusTick",
        "trdMatchID": "adfe0d7b-070d-b94f-2342-4b088440bcc3",
        "grossValue": 526510,
        "homeNotional": 0.0052651,
        "foreignNotional": 100
    },
    {
        "timestamp": "2022-09-25T15:38:02.867Z",
        "symbol": "XBTUSD",
        "side": "Buy",
        "size": 100,
        "price": 18993,
        "tickDirection": "ZeroPlusTick",
        "trdMatchID": "5a6f7580-aaa9-fdc7-b59f-3b9f299503f0",
        "grossValue": 526510,
        "homeNotional": 0.0052651,
        "foreignNotional": 100
    },
    {
        "timestamp": "2022-09-25T15:38:02.867Z",
        "symbol": "XBTUSD",
        "side": "Buy",
        "size": 39000,
        "price": 18993,
        "tickDirection": "ZeroPlusTick",
        "trdMatchID": "20ed9acb-6c08-7677-e16a-40d2a0eea37f",
        "grossValue": 205338900,
        "homeNotional": 2.053389,
        "foreignNotional": 39000
    },
    {
        "timestamp": "2022-09-25T15:38:02.867Z",
        "symbol": "XBTUSD",
        "side": "Buy",
        "size": 700,
        "price": 18993,
        "tickDirection": "ZeroPlusTick",
        "trdMatchID": "0b7497cf-c175-962b-2fb2-a0b507a93697",
        "grossValue": 3685570,
        "homeNotional": 0.0368557,
        "foreignNotional": 700
    },
    {
        "timestamp": "2022-09-25T15:38:02.867Z",
        "symbol": "XBTUSD",
        "side": "Buy",
        "size": 100,
        "price": 18993,
        "tickDirection": "PlusTick",
        "trdMatchID": "c4efe6aa-749f-b792-1ace-767debaf2928",
        "grossValue": 526510,
        "homeNotional": 0.0052651,
        "foreignNotional": 100
    },
    {
        "timestamp": "2022-09-25T15:37:37.384Z",
        "symbol": "XBTUSD",
        "side": "Sell",
        "size": 700,
        "price": 18992.5,
        "tickDirection": "MinusTick",
        "trdMatchID": "d6bc4b01-2b8b-8a38-4d73-55d1493cc1cb",
        "grossValue": 3685668,
        "homeNotional": 0.03685668,
        "foreignNotional": 700
    },
    {
        "timestamp": "2022-09-25T15:37:04.899Z",
        "symbol": "XBTUSD",
        "side": "Sell",
        "size": 100,
        "price": 18997,
        "tickDirection": "ZeroPlusTick",
        "trdMatchID": "b047703d-abca-adb0-202b-9de9aa710e85",
        "grossValue": 526399,
        "homeNotional": 0.00526399,
        "foreignNotional": 100
    },
    {
        "timestamp": "2022-09-25T15:37:04.899Z",
        "symbol": "XBTUSD",
        "side": "Sell",
        "size": 100,
        "price": 18997,
        "tickDirection": "ZeroPlusTick",
        "trdMatchID": "22519dcd-90e8-e41f-4823-81c860f6e6de",
        "grossValue": 526399,
        "homeNotional": 0.00526399,
        "foreignNotional": 100
    },
    {
        "timestamp": "2022-09-25T15:37:04.899Z",
        "symbol": "XBTUSD",
        "side": "Sell",
        "size": 100,
        "price": 18997,
        "tickDirection": "PlusTick",
        "trdMatchID": "ab6dea20-d225-7391-bf5b-bc6a13f028d9",
        "grossValue": 526399,
        "homeNotional": 0.00526399,
        "foreignNotional": 100
    },
    {
        "timestamp": "2022-09-25T15:37:04.114Z",
        "symbol": "XBTUSD",
        "side": "Sell",
        "size": 400,
        "price": 18993,
        "tickDirection": "MinusTick",
        "trdMatchID": "d34b51d9-369c-6ee3-b3a9-b4a2d7241f7c",
        "grossValue": 2106040,
        "homeNotional": 0.0210604,
        "foreignNotional": 400
    },
    {
        "timestamp": "2022-09-25T15:37:04.114Z",
        "symbol": "XBTUSD",
        "side": "Sell",
        "size": 100,
        "price": 18997,
        "tickDirection": "MinusTick",
        "trdMatchID": "2cbbdec3-06c6-23c4-48b9-d890e3cc3c57",
        "grossValue": 526399,
        "homeNotional": 0.00526399,
        "foreignNotional": 100
    },
    {
        "timestamp": "2022-09-25T15:36:59.978Z",
        "symbol": "XBTUSD",
        "side": "Sell",
        "size": 1000,
        "price": 18997.5,
        "tickDirection": "MinusTick",
        "trdMatchID": "d7bc1862-1e08-b00d-3ef1-86d49a59ae92",
        "grossValue": 5263850,
        "homeNotional": 0.0526385,
        "foreignNotional": 1000
    },
    {
        "timestamp": "2022-09-25T15:36:59.970Z",
        "symbol": "XBTUSD",
        "side": "Sell",
        "size": 100,
        "price": 18998,
        "tickDirection": "MinusTick",
        "trdMatchID": "47c95cbf-027a-1f50-e8e3-a9b802ca83fa",
        "grossValue": 526371,
        "homeNotional": 0.00526371,
        "foreignNotional": 100
    },
    {
        "timestamp": "2022-09-25T15:36:59.965Z",
        "symbol": "XBTUSD",
        "side": "Sell",
        "size": 100,
        "price": 18998.5,
        "tickDirection": "ZeroMinusTick",
        "trdMatchID": "bfcb01d6-7e1c-41a7-5693-61a2b3962288",
        "grossValue": 526357,
        "homeNotional": 0.00526357,
        "foreignNotional": 100
    },
    {
        "timestamp": "2022-09-25T15:36:59.965Z",
        "symbol": "XBTUSD",
        "side": "Sell",
        "size": 2600,
        "price": 18998.5,
        "tickDirection": "MinusTick",
        "trdMatchID": "d2c7722c-3ce6-a8d9-a191-fade8cc7518f",
        "grossValue": 13685282,
        "homeNotional": 0.13685282,
        "foreignNotional": 2600
    },
    {
        "timestamp": "2022-09-25T15:36:59.961Z",
        "symbol": "XBTUSD",
        "side": "Sell",
        "size": 100,
        "price": 18999,
        "tickDirection": "MinusTick",
        "trdMatchID": "4b4af854-12cd-28e3-0716-56db830469d6",
        "grossValue": 526343,
        "homeNotional": 0.00526343,
        "foreignNotional": 100
    },
    {
        "timestamp": "2022-09-25T15:36:59.942Z",
        "symbol": "XBTUSD",
        "side": "Sell",
        "size": 100,
        "price": 18999.5,
        "tickDirection": "ZeroMinusTick",
        "trdMatchID": "86d637df-f0ef-74f9-ebd5-7e0e565d665e",
        "grossValue": 526330,
        "homeNotional": 0.0052633,
        "foreignNotional": 100
    },
    {
        "timestamp": "2022-09-25T15:36:59.942Z",
        "symbol": "XBTUSD",
        "side": "Sell",
        "size": 100,
        "price": 18999.5,
        "tickDirection": "ZeroMinusTick",
        "trdMatchID": "225ac08a-a9a4-0913-91c3-f62c89f0a3db",
        "grossValue": 526330,
        "homeNotional": 0.0052633,
        "foreignNotional": 100
    },
    {
        "timestamp": "2022-09-25T15:36:59.942Z",
        "symbol": "XBTUSD",
        "side": "Sell",
        "size": 100,
        "price": 18999.5,
        "tickDirection": "ZeroMinusTick",
        "trdMatchID": "ec4c18c2-b7a9-948d-5028-31bf9da7f64a",
        "grossValue": 526330,
        "homeNotional": 0.0052633,
        "foreignNotional": 100
    },
    {
        "timestamp": "2022-09-25T15:36:59.942Z",
        "symbol": "XBTUSD",
        "side": "Sell",
        "size": 7700,
        "price": 18999.5,
        "tickDirection": "ZeroMinusTick",
        "trdMatchID": "c80f786f-a7ad-ac66-85f2-6d1b4157a0c9",
        "grossValue": 40527410,
        "homeNotional": 0.4052741,
        "foreignNotional": 7700
    },
    {
        "timestamp": "2022-09-25T15:36:59.940Z",
        "symbol": "XBTUSD",
        "side": "Sell",
        "size": 14900,
        "price": 18999.5,
        "tickDirection": "ZeroMinusTick",
        "trdMatchID": "1f59d1e1-b375-a9a8-6ad2-b3bc73dd8f74",
        "grossValue": 78423170,
        "homeNotional": 0.7842317,
        "foreignNotional": 14900
    },
    {
        "timestamp": "2022-09-25T15:36:59.731Z",
        "symbol": "XBTUSD",
        "side": "Sell",
        "size": 100,
        "price": 18999.5,
        "tickDirection": "ZeroMinusTick",
        "trdMatchID": "0ae2f3e7-8681-a42e-f55b-1ce423decb69",
        "grossValue": 526330,
        "homeNotional": 0.0052633,
        "foreignNotional": 100
    },
    {
        "timestamp": "2022-09-25T15:36:59.731Z",
        "symbol": "XBTUSD",
        "side": "Sell",
        "size": 500,
        "price": 18999.5,
        "tickDirection": "ZeroMinusTick",
        "trdMatchID": "e08247b9-f360-4c78-e2e1-b07f407d0ca3",
        "grossValue": 2631650,
        "homeNotional": 0.0263165,
        "foreignNotional": 500
    },
    {
        "timestamp": "2022-09-25T15:36:59.731Z",
        "symbol": "XBTUSD",
        "side": "Sell",
        "size": 200,
        "price": 18999.5,
        "tickDirection": "ZeroMinusTick",
        "trdMatchID": "558a878e-6080-83ec-fe83-2102a2d6f4f4",
        "grossValue": 1052660,
        "homeNotional": 0.0105266,
        "foreignNotional": 200
    },
    {
        "timestamp": "2022-09-25T15:36:59.731Z",
        "symbol": "XBTUSD",
        "side": "Sell",
        "size": 7200,
        "price": 18999.5,
        "tickDirection": "MinusTick",
        "trdMatchID": "a4b562ea-b6a5-c15a-c3be-604d731c92ef",
        "grossValue": 37895760,
        "homeNotional": 0.3789576,
        "foreignNotional": 7200
    },
    {
        "timestamp": "2022-09-25T15:36:21.407Z",
        "symbol": "XBTUSD",
        "side": "Buy",
        "size": 6000,
        "price": 19000,
        "tickDirection": "ZeroPlusTick",
        "trdMatchID": "55d31d59-746c-b93d-4bd6-2693399767dd",
        "grossValue": 31578960,
        "homeNotional": 0.3157896,
        "foreignNotional": 6000
    },
    {
        "timestamp": "2022-09-25T15:36:21.407Z",
        "symbol": "XBTUSD",
        "side": "Buy",
        "size": 4000,
        "price": 19000,
        "tickDirection": "ZeroPlusTick",
        "trdMatchID": "4f30de91-f6e6-2619-247e-df02af82a7ab",
        "grossValue": 21052640,
        "homeNotional": 0.2105264,
        "foreignNotional": 4000
    },
    {
        "timestamp": "2022-09-25T15:36:21.385Z",
        "symbol": "XBTUSD",
        "side": "Buy",
        "size": 6000,
        "price": 19000,
        "tickDirection": "PlusTick",
        "trdMatchID": "c3608fc4-d5ce-7b6b-23fb-54b4be451573",
        "grossValue": 31578960,
        "homeNotional": 0.3157896,
        "foreignNotional": 6000
    },
    {
        "timestamp": "2022-09-25T15:35:31.661Z",
        "symbol": "XBTUSD",
        "side": "Sell",
        "size": 3900,
        "price": 18999.5,
        "tickDirection": "ZeroPlusTick",
        "trdMatchID": "7caee3b0-4e84-7a75-4cdc-d23216c4673a",
        "grossValue": 20526870,
        "homeNotional": 0.2052687,
        "foreignNotional": 3900
    },
    {
        "timestamp": "2022-09-25T15:35:31.661Z",
        "symbol": "XBTUSD",
        "side": "Sell",
        "size": 3100,
        "price": 18999.5,
        "tickDirection": "ZeroPlusTick",
        "trdMatchID": "d59188b8-00dc-1488-0de8-4c787c4eef63",
        "grossValue": 16316230,
        "homeNotional": 0.1631623,
        "foreignNotional": 3100
    },
    {
        "timestamp": "2022-09-25T15:35:31.661Z",
        "symbol": "XBTUSD",
        "side": "Sell",
        "size": 36700,
        "price": 18999.5,
        "tickDirection": "ZeroPlusTick",
        "trdMatchID": "2392b28b-4261-c7b8-c398-6c08a629889c",
        "grossValue": 193163110,
        "homeNotional": 1.9316311,
        "foreignNotional": 36700
    },
    {
        "timestamp": "2022-09-25T15:35:31.661Z",
        "symbol": "XBTUSD",
        "side": "Sell",
        "size": 700,
        "price": 18999.5,
        "tickDirection": "ZeroPlusTick",
        "trdMatchID": "97a40bc2-70da-310d-3410-8f663f841888",
        "grossValue": 3684310,
        "homeNotional": 0.0368431,
        "foreignNotional": 700
    },
    {
        "timestamp": "2022-09-25T15:35:31.661Z",
        "symbol": "XBTUSD",
        "side": "Sell",
        "size": 2500,
        "price": 18999.5,
        "tickDirection": "ZeroPlusTick",
        "trdMatchID": "c840ca03-a8fe-aab0-4a96-dd1711794d7d",
        "grossValue": 13158250,
        "homeNotional": 0.1315825,
        "foreignNotional": 2500
    },
    {
        "timestamp": "2022-09-25T15:35:31.661Z",
        "symbol": "XBTUSD",
        "side": "Sell",
        "size": 100,
        "price": 18999.5,
        "tickDirection": "ZeroPlusTick",
        "trdMatchID": "96239f63-b83d-bf62-46a3-8928d33ae5e7",
        "grossValue": 526330,
        "homeNotional": 0.0052633,
        "foreignNotional": 100
    },
    {
        "timestamp": "2022-09-25T15:35:31.661Z",
        "symbol": "XBTUSD",
        "side": "Sell",
        "size": 1000,
        "price": 18999.5,
        "tickDirection": "ZeroPlusTick",
        "trdMatchID": "62ef6091-6dc8-57c4-cfb1-b0c9bc61f127",
        "grossValue": 5263300,
        "homeNotional": 0.052633,
        "foreignNotional": 1000
    },
    {
        "timestamp": "2022-09-25T15:35:31.661Z",
        "symbol": "XBTUSD",
        "side": "Sell",
        "size": 200,
        "price": 18999.5,
        "tickDirection": "ZeroPlusTick",
        "trdMatchID": "32749704-8c14-3d31-aad3-9c84c4a6c23f",
        "grossValue": 1052660,
        "homeNotional": 0.0105266,
        "foreignNotional": 200
    },
    {
        "timestamp": "2022-09-25T15:35:31.661Z",
        "symbol": "XBTUSD",
        "side": "Sell",
        "size": 300,
        "price": 18999.5,
        "tickDirection": "ZeroPlusTick",
        "trdMatchID": "2018ff9c-2b4f-f214-1086-d20fbe5af3a8",
        "grossValue": 1578990,
        "homeNotional": 0.0157899,
        "foreignNotional": 300
    },
    {
        "timestamp": "2022-09-25T15:35:31.661Z",
        "symbol": "XBTUSD",
        "side": "Sell",
        "size": 200,
        "price": 18999.5,
        "tickDirection": "ZeroPlusTick",
        "trdMatchID": "645d7705-45a7-86b0-363d-0bcad1121672",
        "grossValue": 1052660,
        "homeNotional": 0.0105266,
        "foreignNotional": 200
    },
    {
        "timestamp": "2022-09-25T15:35:26.870Z",
        "symbol": "XBTUSD",
        "side": "Sell",
        "size": 1000,
        "price": 18999.5,
        "tickDirection": "ZeroPlusTick",
        "trdMatchID": "220e43dd-4dcb-ceb3-f199-4e1c26396ce1",
        "grossValue": 5263300,
        "homeNotional": 0.052633,
        "foreignNotional": 1000
    },
    {
        "timestamp": "2022-09-25T15:35:26.312Z",
        "symbol": "XBTUSD",
        "side": "Sell",
        "size": 100,
        "price": 18999.5,
        "tickDirection": "PlusTick",
        "trdMatchID": "3528057c-5429-2206-4bed-e8e9c9b49d73",
        "grossValue": 526330,
        "homeNotional": 0.0052633,
        "foreignNotional": 100
    },
    {
        "timestamp": "2022-09-25T15:35:22.325Z",
        "symbol": "XBTUSD",
        "side": "Buy",
        "size": 200,
        "price": 18997.5,
        "tickDirection": "ZeroPlusTick",
        "trdMatchID": "ffbf5930-bcc2-e769-7b77-057bec2dca80",
        "grossValue": 1052770,
        "homeNotional": 0.0105277,
        "foreignNotional": 200
    },
    {
        "timestamp": "2022-09-25T15:35:22.240Z",
        "symbol": "XBTUSD",
        "side": "Buy",
        "size": 200,
        "price": 18997.5,
        "tickDirection": "ZeroPlusTick",
        "trdMatchID": "6c61baa4-f311-9e79-b228-ba1e8e68e57e",
        "grossValue": 1052770,
        "homeNotional": 0.0105277,
        "foreignNotional": 200
    },
    {
        "timestamp": "2022-09-25T15:35:22.214Z",
        "symbol": "XBTUSD",
        "side": "Buy",
        "size": 200,
        "price": 18997.5,
        "tickDirection": "ZeroPlusTick",
        "trdMatchID": "20662ab1-a2b3-bfd1-ac8a-47db168f7056",
        "grossValue": 1052770,
        "homeNotional": 0.0105277,
        "foreignNotional": 200
    },
    {
        "timestamp": "2022-09-25T15:35:22.201Z",
        "symbol": "XBTUSD",
        "side": "Buy",
        "size": 200,
        "price": 18997.5,
        "tickDirection": "ZeroPlusTick",
        "trdMatchID": "d9c342ee-b0b8-9af5-ca0c-90e2da6d9b77",
        "grossValue": 1052770,
        "homeNotional": 0.0105277,
        "foreignNotional": 200
    },
    {
        "timestamp": "2022-09-25T15:35:22.063Z",
        "symbol": "XBTUSD",
        "side": "Buy",
        "size": 100,
        "price": 18997.5,
        "tickDirection": "PlusTick",
        "trdMatchID": "0f4cac11-c712-6c00-145d-44f668932042",
        "grossValue": 526385,
        "homeNotional": 0.00526385,
        "foreignNotional": 100
    },
    {
        "timestamp": "2022-09-25T15:35:21.894Z",
        "symbol": "XBTUSD",
        "side": "Buy",
        "size": 2400,
        "price": 18995.5,
        "tickDirection": "ZeroPlusTick",
        "trdMatchID": "c82495ac-524f-ccb9-ba3f-0656e9db4511",
        "grossValue": 12634560,
        "homeNotional": 0.1263456,
        "foreignNotional": 2400
    },
    {
        "timestamp": "2022-09-25T15:35:21.894Z",
        "symbol": "XBTUSD",
        "side": "Buy",
        "size": 4600,
        "price": 18995.5,
        "tickDirection": "ZeroPlusTick",
        "trdMatchID": "3a9434d9-495d-afb3-8645-4d9d7f77f139",
        "grossValue": 24216240,
        "homeNotional": 0.2421624,
        "foreignNotional": 4600
    },
    {
        "timestamp": "2022-09-25T15:35:21.889Z",
        "symbol": "XBTUSD",
        "side": "Buy",
        "size": 5400,
        "price": 18995.5,
        "tickDirection": "ZeroPlusTick",
        "trdMatchID": "23b686ec-a4aa-b8e6-465d-e4a6be78aa35",
        "grossValue": 28427760,
        "homeNotional": 0.2842776,
        "foreignNotional": 5400
    },
    {
        "timestamp": "2022-09-25T15:35:21.889Z",
        "symbol": "XBTUSD",
        "side": "Buy",
        "size": 600,
        "price": 18995.5,
        "tickDirection": "PlusTick",
        "trdMatchID": "7e92a352-317e-c20f-8cfd-30c568a693e9",
        "grossValue": 3158640,
        "homeNotional": 0.0315864,
        "foreignNotional": 600
    },
    {
        "timestamp": "2022-09-25T15:35:09.782Z",
        "symbol": "XBTUSD",
        "side": "Sell",
        "size": 100,
        "price": 18995,
        "tickDirection": "PlusTick",
        "trdMatchID": "a6dd472e-6cb0-a42d-a0e6-5f127402b612",
        "grossValue": 526454,
        "homeNotional": 0.00526454,
        "foreignNotional": 100
    },
    {
        "timestamp": "2022-09-25T15:35:02.777Z",
        "symbol": "XBTUSD",
        "side": "Buy",
        "size": 1000,
        "price": 18990,
        "tickDirection": "ZeroPlusTick",
        "trdMatchID": "92b843da-1bdf-cc40-214d-cbce975dd025",
        "grossValue": 5265930,
        "homeNotional": 0.0526593,
        "foreignNotional": 1000
    },
    {
        "timestamp": "2022-09-25T15:35:02.777Z",
        "symbol": "XBTUSD",
        "side": "Buy",
        "size": 10000,
        "price": 18990,
        "tickDirection": "PlusTick",
        "trdMatchID": "0de15f2b-b9ed-2b99-9f1d-1a1bfbfc1114",
        "grossValue": 52659300,
        "homeNotional": 0.526593,
        "foreignNotional": 10000
    },
    {
        "timestamp": "2022-09-25T15:35:02.740Z",
        "symbol": "XBTUSD",
        "side": "Buy",
        "size": 20000,
        "price": 18989.5,
        "tickDirection": "PlusTick",
        "trdMatchID": "71b08fb8-262d-9842-56b0-743846ab258d",
        "grossValue": 105321400,
        "homeNotional": 1.053214,
        "foreignNotional": 20000
    },
    {
        "timestamp": "2022-09-25T15:35:00.925Z",
        "symbol": "XBTUSD",
        "side": "Buy",
        "size": 200,
        "price": 18989,
        "tickDirection": "PlusTick",
        "trdMatchID": "159681e1-54e3-771c-782b-041cf0a3b3cd",
        "grossValue": 1053242,
        "homeNotional": 0.01053242,
        "foreignNotional": 200
    },
    {
        "timestamp": "2022-09-25T15:34:56.730Z",
        "symbol": "XBTUSD",
        "side": "Buy",
        "size": 200,
        "price": 18986,
        "tickDirection": "ZeroMinusTick",
        "trdMatchID": "45360e8d-1edb-c9ca-47bc-028c5e7c36ff",
        "grossValue": 1053408,
        "homeNotional": 0.01053408,
        "foreignNotional": 200
    },
    {
        "timestamp": "2022-09-25T15:34:56.730Z",
        "symbol": "XBTUSD",
        "side": "Buy",
        "size": 100,
        "price": 18986,
        "tickDirection": "ZeroMinusTick",
        "trdMatchID": "150eb46e-4e49-732d-3e40-9e92821b711c",
        "grossValue": 526704,
        "homeNotional": 0.00526704,
        "foreignNotional": 100
    },
    {
        "timestamp": "2022-09-25T15:34:56.730Z",
        "symbol": "XBTUSD",
        "side": "Buy",
        "size": 200,
        "price": 18986,
        "tickDirection": "MinusTick",
        "trdMatchID": "96eba2fe-e0c2-e5c0-b466-907dc685e0ec",
        "grossValue": 1053408,
        "homeNotional": 0.01053408,
        "foreignNotional": 200
    },
    {
        "timestamp": "2022-09-25T15:33:52.981Z",
        "symbol": "XBTUSD",
        "side": "Buy",
        "size": 10000,
        "price": 18987,
        "tickDirection": "ZeroPlusTick",
        "trdMatchID": "1d751e5b-5cc0-af64-ea64-2deff5b940a2",
        "grossValue": 52667600,
        "homeNotional": 0.526676,
        "foreignNotional": 10000
    },
    {
        "timestamp": "2022-09-25T15:33:52.981Z",
        "symbol": "XBTUSD",
        "side": "Buy",
        "size": 100,
        "price": 18987,
        "tickDirection": "PlusTick",
        "trdMatchID": "678ca187-bc1b-c6b9-5039-b8de9ed04342",
        "grossValue": 526676,
        "homeNotional": 0.00526676,
        "foreignNotional": 100
    },
    {
        "timestamp": "2022-09-25T15:33:52.826Z",
        "symbol": "XBTUSD",
        "side": "Buy",
        "size": 100,
        "price": 18986,
        "tickDirection": "ZeroPlusTick",
        "trdMatchID": "b8658124-ca4b-71af-1007-f099d1a96786",
        "grossValue": 526704,
        "homeNotional": 0.00526704,
        "foreignNotional": 100
    },
    {
        "timestamp": "2022-09-25T15:33:52.826Z",
        "symbol": "XBTUSD",
        "side": "Buy",
        "size": 800,
        "price": 18986,
        "tickDirection": "ZeroPlusTick",
        "trdMatchID": "241db74b-ed2a-8f15-1140-5d721ab74e44",
        "grossValue": 4213632,
        "homeNotional": 0.04213632,
        "foreignNotional": 800
    },
    {
        "timestamp": "2022-09-25T15:33:52.813Z",
        "symbol": "XBTUSD",
        "side": "Buy",
        "size": 8000,
        "price": 18986,
        "tickDirection": "ZeroPlusTick",
        "trdMatchID": "ab03f259-6e07-c051-6267-7dbaaa1c62fb",
        "grossValue": 42136320,
        "homeNotional": 0.4213632,
        "foreignNotional": 8000
    },
    {
        "timestamp": "2022-09-25T15:33:52.793Z",
        "symbol": "XBTUSD",
        "side": "Buy",
        "size": 4400,
        "price": 18986,
        "tickDirection": "ZeroPlusTick",
        "trdMatchID": "726d937b-2a85-e766-2f37-746a433da023",
        "grossValue": 23174976,
        "homeNotional": 0.23174976,
        "foreignNotional": 4400
    },
    {
        "timestamp": "2022-09-25T15:33:52.793Z",
        "symbol": "XBTUSD",
        "side": "Buy",
        "size": 1600,
        "price": 18986,
        "tickDirection": "ZeroPlusTick",
        "trdMatchID": "a10b8fa1-28d8-fcc7-b17f-7e21ae887e0d",
        "grossValue": 8427264,
        "homeNotional": 0.08427264,
        "foreignNotional": 1600
    },
    {
        "timestamp": "2022-09-25T15:33:52.784Z",
        "symbol": "XBTUSD",
        "side": "Buy",
        "size": 9500,
        "price": 18986,
        "tickDirection": "ZeroPlusTick",
        "trdMatchID": "dbc79a4c-089a-7816-6489-6ee28e71cacb",
        "grossValue": 50036880,
        "homeNotional": 0.5003688,
        "foreignNotional": 9500
    },
    {
        "timestamp": "2022-09-25T15:33:52.784Z",
        "symbol": "XBTUSD",
        "side": "Buy",
        "size": 500,
        "price": 18986,
        "tickDirection": "PlusTick",
        "trdMatchID": "9402f110-1385-5ffe-a5c8-85ce1cf60a14",
        "grossValue": 2633520,
        "homeNotional": 0.0263352,
        "foreignNotional": 500
    },
    {
        "timestamp": "2022-09-25T15:33:10.317Z",
        "symbol": "XBTUSD",
        "side": "Sell",
        "size": 500,
        "price": 18985.5,
        "tickDirection": "ZeroMinusTick",
        "trdMatchID": "8b8ed592-34b3-a071-665f-74ed18e5ace4",
        "grossValue": 2633590,
        "homeNotional": 0.0263359,
        "foreignNotional": 500
    },
    {
        "timestamp": "2022-09-25T15:33:03.756Z",
        "symbol": "XBTUSD",
        "side": "Sell",
        "size": 600,
        "price": 18985.5,
        "tickDirection": "MinusTick",
        "trdMatchID": "70ef2013-52aa-2852-63e7-323db78fda67",
        "grossValue": 3160308,
        "homeNotional": 0.03160308,
        "foreignNotional": 600
    },
    {
        "timestamp": "2022-09-25T15:32:56.820Z",
        "symbol": "XBTUSD",
        "side": "Sell",
        "size": 500,
        "price": 18992.5,
        "tickDirection": "PlusTick",
        "trdMatchID": "b56c00d1-f2a8-2903-7b15-b7d1d786d7f5",
        "grossValue": 2632620,
        "homeNotional": 0.0263262,
        "foreignNotional": 500
    },
    {
        "timestamp": "2022-09-25T15:32:55.723Z",
        "symbol": "XBTUSD",
        "side": "Buy",
        "size": 100,
        "price": 18990.5,
        "tickDirection": "ZeroPlusTick",
        "trdMatchID": "1dc243ef-78a5-7924-d0ba-998c726e54cf",
        "grossValue": 526579,
        "homeNotional": 0.00526579,
        "foreignNotional": 100
    },
    {
        "timestamp": "2022-09-25T15:32:55.723Z",
        "symbol": "XBTUSD",
        "side": "Buy",
        "size": 100,
        "price": 18990.5,
        "tickDirection": "PlusTick",
        "trdMatchID": "1a6a0692-7c87-3da7-e45b-643a76345b91",
        "grossValue": 526579,
        "homeNotional": 0.00526579,
        "foreignNotional": 100
    },
    {
        "timestamp": "2022-09-25T15:32:55.585Z",
        "symbol": "XBTUSD",
        "side": "Buy",
        "size": 10000,
        "price": 18990,
        "tickDirection": "PlusTick",
        "trdMatchID": "5672aac2-6053-aebd-676d-2d1a16717577",
        "grossValue": 52659300,
        "homeNotional": 0.526593,
        "foreignNotional": 10000
    },
    {
        "timestamp": "2022-09-25T15:32:51.926Z",
        "symbol": "XBTUSD",
        "side": "Buy",
        "size": 100,
        "price": 18986,
        "tickDirection": "ZeroPlusTick",
        "trdMatchID": "8e51d168-8f67-87d1-168d-7f1b5137492d",
        "grossValue": 526704,
        "homeNotional": 0.00526704,
        "foreignNotional": 100
    },
    {
        "timestamp": "2022-09-25T15:32:51.926Z",
        "symbol": "XBTUSD",
        "side": "Buy",
        "size": 100,
        "price": 18986,
        "tickDirection": "ZeroPlusTick",
        "trdMatchID": "0a862726-3de3-9923-e0d5-47bf69543378",
        "grossValue": 526704,
        "homeNotional": 0.00526704,
        "foreignNotional": 100
    },
    {
        "timestamp": "2022-09-25T15:32:51.926Z",
        "symbol": "XBTUSD",
        "side": "Buy",
        "size": 800,
        "price": 18986,
        "tickDirection": "PlusTick",
        "trdMatchID": "2aef7c9c-6157-2e39-0016-24ac00f805fb",
        "grossValue": 4213632,
        "homeNotional": 0.04213632,
        "foreignNotional": 800
    },
    {
        "timestamp": "2022-09-25T15:32:51.906Z",
        "symbol": "XBTUSD",
        "side": "Sell",
        "size": 5500,
        "price": 18985.5,
        "tickDirection": "PlusTick",
        "trdMatchID": "65ca3e53-1716-9215-c768-d727412e5a53",
        "grossValue": 28969490,
        "homeNotional": 0.2896949,
        "foreignNotional": 5500
    },
    {
        "timestamp": "2022-09-25T15:32:46.048Z",
        "symbol": "XBTUSD",
        "side": "Buy",
        "size": 600,
        "price": 18982.5,
        "tickDirection": "PlusTick",
        "trdMatchID": "ff6225e9-e0bd-d9d5-30b1-854926b32f70",
        "grossValue": 3160806,
        "homeNotional": 0.03160806,
        "foreignNotional": 600
    },
    {
        "timestamp": "2022-09-25T15:32:46.026Z",
        "symbol": "XBTUSD",
        "side": "Buy",
        "size": 100,
        "price": 18982,
        "tickDirection": "ZeroPlusTick",
        "trdMatchID": "3e3d50c0-3d4e-b841-e231-f4e01d7826a9",
        "grossValue": 526815,
        "homeNotional": 0.00526815,
        "foreignNotional": 100
    },
    {
        "timestamp": "2022-09-25T15:32:46.026Z",
        "symbol": "XBTUSD",
        "side": "Buy",
        "size": 100,
        "price": 18982,
        "tickDirection": "ZeroPlusTick",
        "trdMatchID": "5cef83e3-4d0c-1884-ce27-2f2ec1c7cbab",
        "grossValue": 526815,
        "homeNotional": 0.00526815,
        "foreignNotional": 100
    },
    {
        "timestamp": "2022-09-25T15:32:46.026Z",
        "symbol": "XBTUSD",
        "side": "Buy",
        "size": 400,
        "price": 18982,
        "tickDirection": "ZeroPlusTick",
        "trdMatchID": "12a00f99-6931-1453-c752-8ba9c255e0e8",
        "grossValue": 2107260,
        "homeNotional": 0.0210726,
        "foreignNotional": 400
    },
    {
        "timestamp": "2022-09-25T15:32:40.512Z",
        "symbol": "XBTUSD",
        "side": "Buy",
        "size": 10000,
        "price": 18982,
        "tickDirection": "PlusTick",
        "trdMatchID": "dbe46d6e-679e-aa27-0be9-0523f1006d43",
        "grossValue": 52681500,
        "homeNotional": 0.526815,
        "foreignNotional": 10000
    },
    {
        "timestamp": "2022-09-25T15:32:31.695Z",
        "symbol": "XBTUSD",
        "side": "Sell",
        "size": 6000,
        "price": 18981.5,
        "tickDirection": "PlusTick",
        "trdMatchID": "db17ea4e-2d80-768c-9d62-ea2844e236b7",
        "grossValue": 31609740,
        "homeNotional": 0.3160974,
        "foreignNotional": 6000
    },
    {
        "timestamp": "2022-09-25T15:32:25.467Z",
        "symbol": "XBTUSD",
        "side": "Buy",
        "size": 1600,
        "price": 18977.5,
        "tickDirection": "ZeroPlusTick",
        "trdMatchID": "0005ecdd-b0ba-0802-5f78-78d2f6ca5dd4",
        "grossValue": 8431040,
        "homeNotional": 0.0843104,
        "foreignNotional": 1600
    },
    {
        "timestamp": "2022-09-25T15:32:25.467Z",
        "symbol": "XBTUSD",
        "side": "Buy",
        "size": 300,
        "price": 18977.5,
        "tickDirection": "PlusTick",
        "trdMatchID": "4eb4c5e8-03cf-829a-75b4-a0026b9bc96a",
        "grossValue": 1580820,
        "homeNotional": 0.0158082,
        "foreignNotional": 300
    },
    {
        "timestamp": "2022-09-25T15:32:21.884Z",
        "symbol": "XBTUSD",
        "side": "Sell",
        "size": 13100,
        "price": 18977,
        "tickDirection": "MinusTick",
        "trdMatchID": "d2c49766-3415-aa85-4f0e-99ac83182726",
        "grossValue": 69030974,
        "homeNotional": 0.69030974,
        "foreignNotional": 13100
    },
    {
        "timestamp": "2022-09-25T15:32:21.884Z",
        "symbol": "XBTUSD",
        "side": "Sell",
        "size": 6500,
        "price": 18977.5,
        "tickDirection": "MinusTick",
        "trdMatchID": "116dbd09-caef-dfc3-1449-f5cb1c90fae5",
        "grossValue": 34251100,
        "homeNotional": 0.342511,
        "foreignNotional": 6500
    },
    {
        "timestamp": "2022-09-25T15:32:21.884Z",
        "symbol": "XBTUSD",
        "side": "Sell",
        "size": 100,
        "price": 18978.5,
        "tickDirection": "MinusTick",
        "trdMatchID": "2bf5fb42-b18e-720c-a640-8b6011bf08d0",
        "grossValue": 526912,
        "homeNotional": 0.00526912,
        "foreignNotional": 100
    },
    {
        "timestamp": "2022-09-25T15:32:21.884Z",
        "symbol": "XBTUSD",
        "side": "Sell",
        "size": 100,
        "price": 18979,
        "tickDirection": "ZeroMinusTick",
        "trdMatchID": "5fa59022-3bc3-4c57-db51-aba10fac61b0",
        "grossValue": 526898,
        "homeNotional": 0.00526898,
        "foreignNotional": 100
    },
    {
        "timestamp": "2022-09-25T15:32:21.884Z",
        "symbol": "XBTUSD",
        "side": "Sell",
        "size": 200,
        "price": 18979,
        "tickDirection": "ZeroMinusTick",
        "trdMatchID": "2f702241-b204-9561-7042-dbfa4a64de4a",
        "grossValue": 1053796,
        "homeNotional": 0.01053796,
        "foreignNotional": 200
    },
    {
        "timestamp": "2022-09-25T15:32:21.313Z",
        "symbol": "XBTUSD",
        "side": "Sell",
        "size": 200,
        "price": 18979,
        "tickDirection": "ZeroMinusTick",
        "trdMatchID": "ef7d745e-4ddc-ab53-a608-6bb662541531",
        "grossValue": 1053796,
        "homeNotional": 0.01053796,
        "foreignNotional": 200
    },
    {
        "timestamp": "2022-09-25T15:32:16.774Z",
        "symbol": "XBTUSD",
        "side": "Sell",
        "size": 100,
        "price": 18979,
        "tickDirection": "MinusTick",
        "trdMatchID": "edccce4c-daf9-06bc-68e8-c9a91f55811d",
        "grossValue": 526898,
        "homeNotional": 0.00526898,
        "foreignNotional": 100
    },
    {
        "timestamp": "2022-09-25T15:32:15.250Z",
        "symbol": "XBTUSD",
        "side": "Sell",
        "size": 300,
        "price": 18980,
        "tickDirection": "MinusTick",
        "trdMatchID": "9d344f54-5577-5b4d-0397-e219b62355e9",
        "grossValue": 1580610,
        "homeNotional": 0.0158061,
        "foreignNotional": 300
    },
    {
        "timestamp": "2022-09-25T15:32:15.222Z",
        "symbol": "XBTUSD",
        "side": "Sell",
        "size": 6100,
        "price": 18980.5,
        "tickDirection": "ZeroMinusTick",
        "trdMatchID": "9bffc0cf-f867-c88a-b493-39e1ce7caabe",
        "grossValue": 32138277,
        "homeNotional": 0.32138277,
        "foreignNotional": 6100
    },
    {
        "timestamp": "2022-09-25T15:32:15.215Z",
        "symbol": "XBTUSD",
        "side": "Sell",
        "size": 3900,
        "price": 18980.5,
        "tickDirection": "ZeroMinusTick",
        "trdMatchID": "60c31ac4-5690-f553-89d4-1cae7408d858",
        "grossValue": 20547423,
        "homeNotional": 0.20547423,
        "foreignNotional": 3900
    },
    {
        "timestamp": "2022-09-25T15:32:15.215Z",
        "symbol": "XBTUSD",
        "side": "Sell",
        "size": 100,
        "price": 18980.5,
        "tickDirection": "ZeroMinusTick",
        "trdMatchID": "4f56a936-969d-95ee-945a-f2c988f1d77a",
        "grossValue": 526857,
        "homeNotional": 0.00526857,
        "foreignNotional": 100
    },
    {
        "timestamp": "2022-09-25T15:32:15.215Z",
        "symbol": "XBTUSD",
        "side": "Sell",
        "size": 2000,
        "price": 18980.5,
        "tickDirection": "ZeroMinusTick",
        "trdMatchID": "096e2d70-68e2-02a5-b84e-190daf2756cc",
        "grossValue": 10537140,
        "homeNotional": 0.1053714,
        "foreignNotional": 2000
    },
    {
        "timestamp": "2022-09-25T15:32:15.210Z",
        "symbol": "XBTUSD",
        "side": "Sell",
        "size": 8000,
        "price": 18980.5,
        "tickDirection": "MinusTick",
        "trdMatchID": "f82bf6fd-20c0-1ffe-13d6-f939b44c7b66",
        "grossValue": 42148560,
        "homeNotional": 0.4214856,
        "foreignNotional": 8000
    },
    {
        "timestamp": "2022-09-25T15:32:13.948Z",
        "symbol": "XBTUSD",
        "side": "Sell",
        "size": 100,
        "price": 18982,
        "tickDirection": "ZeroMinusTick",
        "trdMatchID": "be0711e0-6e97-17da-8068-d4e197d1fa5a",
        "grossValue": 526815,
        "homeNotional": 0.00526815,
        "foreignNotional": 100
    },
    {
        "timestamp": "2022-09-25T15:32:13.948Z",
        "symbol": "XBTUSD",
        "side": "Sell",
        "size": 200,
        "price": 18982,
        "tickDirection": "ZeroMinusTick",
        "trdMatchID": "7f9a6894-b73b-efee-9fdd-bec316ccb6af",
        "grossValue": 1053630,
        "homeNotional": 0.0105363,
        "foreignNotional": 200
    },
    {
        "timestamp": "2022-09-25T15:32:13.948Z",
        "symbol": "XBTUSD",
        "side": "Sell",
        "size": 100,
        "price": 18982,
        "tickDirection": "ZeroMinusTick",
        "trdMatchID": "50ab3cc0-f078-0214-0d9a-43c147d3c4ff",
        "grossValue": 526815,
        "homeNotional": 0.00526815,
        "foreignNotional": 100
    },
    {
        "timestamp": "2022-09-25T15:32:13.948Z",
        "symbol": "XBTUSD",
        "side": "Sell",
        "size": 100,
        "price": 18982,
        "tickDirection": "MinusTick",
        "trdMatchID": "a6145837-3f13-0799-5c43-17d3093ac1da",
        "grossValue": 526815,
        "homeNotional": 0.00526815,
        "foreignNotional": 100
    },
    {
        "timestamp": "2022-09-25T15:32:12.251Z",
        "symbol": "XBTUSD",
        "side": "Buy",
        "size": 100,
        "price": 18982.5,
        "tickDirection": "ZeroMinusTick",
        "trdMatchID": "3029b3c7-9025-4bbd-5028-69445183d989",
        "grossValue": 526801,
        "homeNotional": 0.00526801,
        "foreignNotional": 100
    },
    {
        "timestamp": "2022-09-25T15:32:11.635Z",
        "symbol": "XBTUSD",
        "side": "Sell",
        "size": 200,
        "price": 18982.5,
        "tickDirection": "MinusTick",
        "trdMatchID": "3e53d53b-5e17-626e-3d18-f2877b478620",
        "grossValue": 1053602,
        "homeNotional": 0.01053602,
        "foreignNotional": 200
    },
    {
        "timestamp": "2022-09-25T15:32:11.130Z",
        "symbol": "XBTUSD",
        "side": "Sell",
        "size": 700,
        "price": 18985.5,
        "tickDirection": "ZeroMinusTick",
        "trdMatchID": "7233ccd9-dc56-cb79-e15a-1f9f2b046bf8",
        "grossValue": 3687026,
        "homeNotional": 0.03687026,
        "foreignNotional": 700
    },
    {
        "timestamp": "2022-09-25T15:32:11.118Z",
        "symbol": "XBTUSD",
        "side": "Sell",
        "size": 7200,
        "price": 18985.5,
        "tickDirection": "ZeroMinusTick",
        "trdMatchID": "1dc7eaf0-6934-36b4-804d-0cd26546944c",
        "grossValue": 37923696,
        "homeNotional": 0.37923696,
        "foreignNotional": 7200
    },
    {
        "timestamp": "2022-09-25T15:32:10.610Z",
        "symbol": "XBTUSD",
        "side": "Sell",
        "size": 700,
        "price": 18985.5,
        "tickDirection": "ZeroMinusTick",
        "trdMatchID": "ddc41b8c-adf3-e912-21aa-9a203d73d509",
        "grossValue": 3687026,
        "homeNotional": 0.03687026,
        "foreignNotional": 700
    },
    {
        "timestamp": "2022-09-25T15:32:10.601Z",
        "symbol": "XBTUSD",
        "side": "Sell",
        "size": 700,
        "price": 18985.5,
        "tickDirection": "ZeroMinusTick",
        "trdMatchID": "6870f778-58b8-f4d0-5fca-5038516aaf8e",
        "grossValue": 3687026,
        "homeNotional": 0.03687026,
        "foreignNotional": 700
    },
    {
        "timestamp": "2022-09-25T15:32:10.596Z",
        "symbol": "XBTUSD",
        "side": "Sell",
        "size": 700,
        "price": 18985.5,
        "tickDirection": "MinusTick",
        "trdMatchID": "8c1e3625-25eb-75d6-f3a1-fada854e83e9",
        "grossValue": 3687026,
        "homeNotional": 0.03687026,
        "foreignNotional": 700
    },
    {
        "timestamp": "2022-09-25T15:32:10.306Z",
        "symbol": "XBTUSD",
        "side": "Sell",
        "size": 100,
        "price": 18987,
        "tickDirection": "ZeroMinusTick",
        "trdMatchID": "26ac3a55-d560-46f0-d8af-c91c181efb65",
        "grossValue": 526676,
        "homeNotional": 0.00526676,
        "foreignNotional": 100
    },
    {
        "timestamp": "2022-09-25T15:32:10.306Z",
        "symbol": "XBTUSD",
        "side": "Sell",
        "size": 100,
        "price": 18987,
        "tickDirection": "ZeroMinusTick",
        "trdMatchID": "53f33b50-e2fe-3d1e-74b5-47e441b22da2",
        "grossValue": 526676,
        "homeNotional": 0.00526676,
        "foreignNotional": 100
    },
    {
        "timestamp": "2022-09-25T15:32:10.306Z",
        "symbol": "XBTUSD",
        "side": "Sell",
        "size": 600,
        "price": 18987,
        "tickDirection": "ZeroMinusTick",
        "trdMatchID": "1a5d5817-fa74-5472-b203-9f31c1f3b50a",
        "grossValue": 3160056,
        "homeNotional": 0.03160056,
        "foreignNotional": 600
    },
    {
        "timestamp": "2022-09-25T15:32:10.306Z",
        "symbol": "XBTUSD",
        "side": "Sell",
        "size": 100,
        "price": 18987,
        "tickDirection": "ZeroMinusTick",
        "trdMatchID": "2c56a86c-36fb-7a51-8a5c-55481fecd3a8",
        "grossValue": 526676,
        "homeNotional": 0.00526676,
        "foreignNotional": 100
    },
    {
        "timestamp": "2022-09-25T15:32:10.306Z",
        "symbol": "XBTUSD",
        "side": "Sell",
        "size": 100,
        "price": 18987,
        "tickDirection": "ZeroMinusTick",
        "trdMatchID": "894677f2-499d-d89b-2f30-5ef4e3137772",
        "grossValue": 526676,
        "homeNotional": 0.00526676,
        "foreignNotional": 100
    },
    {
        "timestamp": "2022-09-25T15:32:10.306Z",
        "symbol": "XBTUSD",
        "side": "Sell",
        "size": 300,
        "price": 18987,
        "tickDirection": "ZeroMinusTick",
        "trdMatchID": "b576a060-4297-b013-3a71-b249ab671d65",
