[
    {
        "timestamp": "2019-05-03T12:01:44.179Z",
        "symbol": "XBTUSD",
        "side": "Sell",
        "size": 3874,
        "price": 5694,
        "tickDirection": "MinusTick",
        "trdMatchID": "c422e89e-0686-1637-6c8f-aa518f7ecd3d",
        "grossValue": 68035188,
        "homeNotional": 0.68035188,
        "foreignNotional": 3874
    },
    {
        "timestamp": "2019-05-03T12:01:44.179Z",
        "symbol": "XBTUSD",
        "side": "Sell",
        "size": 20477,
        "price": 5694,
        "tickDirection": "ZeroMinusTick",
        "trdMatchID": "14ce26d7-0201-72c1-3a15-1ff1677ed6c2",
        "grossValue": 359617074,
        "homeNotional": 3.59617074,
        "foreignNotional": 20477
    },
    {
        "timestamp": "2019-05-03T12:01:44.179Z",
        "symbol": "XBTUSD",
        "side": "Sell",
        "size": 17000,
        "price": 5694,
        "tickDirection": "ZeroMinusTick",
        "trdMatchID": "04b0cad1-f73b-c219-8877-ea26f89a82a4",
        "grossValue": 298554000,
        "homeNotional": 2.98554,
        "foreignNotional": 17000
    },
    {
        "timestamp": "2019-05-03T12:01:44.179Z",
        "symbol": "XBTUSD",
        "side": "Sell",
        "size": 14000,
        "price": 5694,
        "tickDirection": "ZeroMinusTick",
        "trdMatchID": "545e45af-d09c-1910-e8fa-200d9103356b",
        "grossValue": 245868000,
        "homeNotional": 2.45868,
        "foreignNotional": 14000
    },
    {
        "timestamp": "2019-05-03T12:01:44.179Z",
        "symbol": "XBTUSD",
        "side": "Sell",
        "size": 22000,
        "price": 5694,
        "tickDirection": "ZeroMinusTick",
        "trdMatchID": "3a0824d0-1b6f-3ddb-b21c-6eb124c2ca21",
        "grossValue": 386364000,
        "homeNotional": 3.86364,
        "foreignNotional": 22000
    },
    {
        "timestamp": "2019-05-03T12:01:44.179Z",
        "symbol": "XBTUSD",
        "side": "Sell",
        "size": 5200,
        "price": 5694,
        "tickDirection": "ZeroMinusTick",
        "trdMatchID": "218bf1df-a2b5-e87c-d634-7b39c338e909",
        "grossValue": 91322400,
        "homeNotional": 0.913224,
        "foreignNotional": 5200
    },
    {
        "timestamp": "2019-05-03T12:01:44.179Z",
        "symbol": "XBTUSD",
        "side": "Sell",
        "size": 2125,
        "price": 5694,
        "tickDirection": "ZeroMinusTick",
        "trdMatchID": "731dfe40-87b5-c58d-46ac-761abb2b5f8a",
        "grossValue": 37319250,
        "homeNotional": 0.3731925,
        "foreignNotional": 2125
    },
    {
        "timestamp": "2019-05-03T12:01:44.179Z",
        "symbol": "XBTUSD",
        "side": "Sell",
        "size": 15324,
        "price": 5694,
        "tickDirection": "ZeroMinusTick",
        "trdMatchID": "c1fbe43f-527e-92c2-c52a-ec11425e8e87",
        "grossValue": 269120088,
        "homeNotional": 2.69120088,
        "foreignNotional": 15324
    },
    {
        "timestamp": "2019-05-03T12:01:44.253Z",
        "symbol": "XBTUSD",
        "side": "Buy",
        "size": 600,
        "price": 5694.5,
        "tickDirection": "PlusTick",
        "trdMatchID": "9a8a26e9-50b2-c95d-11bf-f60a498cce13",
        "grossValue": 10536600,
        "homeNotional": 0.105366,
        "foreignNotional": 600
    },
    {
        "timestamp": "2019-05-03T12:01:44.487Z",
        "symbol": "XBTUSD",
        "side": "Buy",
        "size": 445,
        "price": 5694.5,
        "tickDirection": "ZeroPlusTick",
        "trdMatchID": "6ad96d36-0cfb-e720-76f7-738dd3ddbac6",
        "grossValue": 7814645,
        "homeNotional": 0.07814645,
        "foreignNotional": 445
    },
    {
        "timestamp": "2019-05-03T12:01:44.487Z",
        "symbol": "XBTUSD",
        "side": "Buy",
        "size": 26,
        "price": 5694.5,
        "tickDirection": "ZeroPlusTick",
        "trdMatchID": "e7471472-1ddf-4e7a-cfba-584af7371643",
        "grossValue": 456586,
        "homeNotional": 0.00456586,
        "foreignNotional": 26
    },
    {
        "timestamp": "2019-05-03T12:01:44.487Z",
        "symbol": "XBTUSD",
        "side": "Buy",
        "size": 1,
        "price": 5694.5,
        "tickDirection": "ZeroPlusTick",
        "trdMatchID": "7f3af60d-0f11-be3f-c17e-ce0cff667344",
        "grossValue": 17561,
        "homeNotional": 0.00017561,
        "foreignNotional": 1
    },
    {
        "timestamp": "2019-05-03T12:01:44.487Z",
        "symbol": "XBTUSD",
        "side": "Buy",
        "size": 27,
        "price": 5694.5,
        "tickDirection": "ZeroPlusTick",
        "trdMatchID": "800c64ca-4a04-a069-8f96-cbc4dd27d822",
        "grossValue": 474147,
        "homeNotional": 0.00474147,
        "foreignNotional": 27
    },
    {
        "timestamp": "2019-05-03T12:01:44.487Z",
        "symbol": "XBTUSD",
        "side": "Buy",
        "size": 1000,
        "price": 5694.5,
        "tickDirection": "ZeroPlusTick",
        "trdMatchID": "6a0c9b39-13e8-3be4-58bb-b1ec3ddb5725",
        "grossValue": 17561000,
        "homeNotional": 0.17561,
        "foreignNotional": 1000
    },
    {
        "timestamp": "2019-05-03T12:01:44.487Z",
        "symbol": "XBTUSD",
        "side": "Buy",
        "size": 150,
        "price": 5694.5,
        "tickDirection": "ZeroPlusTick",
        "trdMatchID": "846434c6-77bd-64a0-cbda-d27879159c08",
        "grossValue": 2634150,
        "homeNotional": 0.0263415,
        "foreignNotional": 150
    },
    {
        "timestamp": "2019-05-03T12:01:44.487Z",
        "symbol": "XBTUSD",
        "side": "Buy",
        "size": 1161,
        "price": 5694.5,
        "tickDirection": "ZeroPlusTick",
        "trdMatchID": "e807248c-66ee-9fbf-0b66-4457ea26fc76",
        "grossValue": 20388321,
        "homeNotional": 0.20388321,
        "foreignNotional": 1161
    },
    {
        "timestamp": "2019-05-03T12:01:44.487Z",
        "symbol": "XBTUSD",
        "side": "Buy",
        "size": 1190,
        "price": 5694.5,
        "tickDirection": "ZeroPlusTick",
        "trdMatchID": "274196be-e010-a4ce-e597-c66c321ac771",
        "grossValue": 20897590,
        "homeNotional": 0.2089759,
        "foreignNotional": 1190
    },
    {
        "timestamp": "2019-05-03T12:01:44.927Z",
        "symbol": "XBTUSD",
        "side": "Buy",
        "size": 18810,
        "price": 5694.5,
        "tickDirection": "ZeroPlusTick",
        "trdMatchID": "36d08670-61dc-b88a-7f9d-f1a4372e1985",
        "grossValue": 330322410,
        "homeNotional": 3.3032241,
        "foreignNotional": 18810
    },
    {
        "timestamp": "2019-05-03T12:01:44.927Z",
        "symbol": "XBTUSD",
        "side": "Buy",
        "size": 14,
        "price": 5694.5,
        "tickDirection": "ZeroPlusTick",
        "trdMatchID": "72a64c04-513c-41ce-072d-152bc10cf6ef",
        "grossValue": 245854,
        "homeNotional": 0.00245854,
        "foreignNotional": 14
    },
    {
        "timestamp": "2019-05-03T12:01:44.927Z",
        "symbol": "XBTUSD",
        "side": "Buy",
        "size": 95,
        "price": 5694.5,
        "tickDirection": "ZeroPlusTick",
        "trdMatchID": "aece33e4-e02d-47d0-c4ce-d9ddd9417e83",
        "grossValue": 1668295,
        "homeNotional": 0.01668295,
        "foreignNotional": 95
    },
    {
        "timestamp": "2019-05-03T12:01:44.927Z",
        "symbol": "XBTUSD",
        "side": "Buy",
        "size": 15,
        "price": 5694.5,
        "tickDirection": "ZeroPlusTick",
        "trdMatchID": "9a22d34b-36fe-b813-603e-3ec1d2038d2d",
        "grossValue": 263415,
        "homeNotional": 0.00263415,
        "foreignNotional": 15
    },
    {
        "timestamp": "2019-05-03T12:01:44.927Z",
        "symbol": "XBTUSD",
        "side": "Buy",
        "size": 39,
        "price": 5694.5,
        "tickDirection": "ZeroPlusTick",
        "trdMatchID": "c2aed76b-aca9-e144-bf3d-1e0d4ab42968",
        "grossValue": 684879,
        "homeNotional": 0.00684879,
        "foreignNotional": 39
    },
    {
        "timestamp": "2019-05-03T12:01:44.927Z",
        "symbol": "XBTUSD",
        "side": "Buy",
        "size": 335,
        "price": 5694.5,
        "tickDirection": "ZeroPlusTick",
        "trdMatchID": "15a437d0-1436-5091-518b-440f2abeddd4",
        "grossValue": 5882935,
        "homeNotional": 0.05882935,
        "foreignNotional": 335
    },
    {
        "timestamp": "2019-05-03T12:01:44.927Z",
        "symbol": "XBTUSD",
        "side": "Buy",
        "size": 1,
        "price": 5694.5,
        "tickDirection": "ZeroPlusTick",
        "trdMatchID": "630f41a7-2b15-bca1-aa63-7574f0a639ef",
        "grossValue": 17561,
        "homeNotional": 0.00017561,
        "foreignNotional": 1
    },
    {
        "timestamp": "2019-05-03T12:01:44.927Z",
        "symbol": "XBTUSD",
        "side": "Buy",
        "size": 35,
        "price": 5695,
        "tickDirection": "PlusTick",
        "trdMatchID": "5fe61270-8925-549e-1670-ac6f2f15dce6",
        "grossValue": 614565,
        "homeNotional": 0.00614565,
        "foreignNotional": 35
    },
    {
        "timestamp": "2019-05-03T12:01:44.927Z",
        "symbol": "XBTUSD",
        "side": "Buy",
        "size": 100,
        "price": 5695,
        "tickDirection": "ZeroPlusTick",
        "trdMatchID": "79973aaf-a171-0401-eab1-7d0d55b4d8d8",
        "grossValue": 1755900,
        "homeNotional": 0.017559,
        "foreignNotional": 100
    },
    {
        "timestamp": "2019-05-03T12:01:44.927Z",
        "symbol": "XBTUSD",
        "side": "Buy",
        "size": 150,
        "price": 5695,
        "tickDirection": "ZeroPlusTick",
        "trdMatchID": "6dc93378-97f1-3d77-8200-d37bfbf6cebc",
        "grossValue": 2633850,
        "homeNotional": 0.0263385,
        "foreignNotional": 150
    },
    {
        "timestamp": "2019-05-03T12:01:44.927Z",
        "symbol": "XBTUSD",
        "side": "Buy",
        "size": 100,
        "price": 5695,
        "tickDirection": "ZeroPlusTick",
        "trdMatchID": "93d05796-c5a3-3004-d944-7f0ccb067492",
        "grossValue": 1755900,
        "homeNotional": 0.017559,
        "foreignNotional": 100
    },
    {
        "timestamp": "2019-05-03T12:01:44.927Z",
        "symbol": "XBTUSD",
        "side": "Buy",
        "size": 3000,
        "price": 5695,
        "tickDirection": "ZeroPlusTick",
        "trdMatchID": "59b4a058-adb3-3dac-98a5-0327d9806411",
        "grossValue": 52677000,
        "homeNotional": 0.52677,
        "foreignNotional": 3000
    },
    {
        "timestamp": "2019-05-03T12:01:44.927Z",
        "symbol": "XBTUSD",
        "side": "Buy",
        "size": 60,
        "price": 5695,
        "tickDirection": "ZeroPlusTick",
        "trdMatchID": "4bc70678-d3ec-45a4-acea-0174cb9e1381",
        "grossValue": 1053540,
        "homeNotional": 0.0105354,
        "foreignNotional": 60
    },
    {
        "timestamp": "2019-05-03T12:01:44.927Z",
        "symbol": "XBTUSD",
        "side": "Buy",
        "size": 300,
        "price": 5695,
        "tickDirection": "ZeroPlusTick",
        "trdMatchID": "e4613be2-dd1a-0243-f3ed-701b50d5bd66",
        "grossValue": 5267700,
        "homeNotional": 0.052677,
        "foreignNotional": 300
    },
    {
        "timestamp": "2019-05-03T12:01:44.927Z",
        "symbol": "XBTUSD",
        "side": "Buy",
        "size": 50,
        "price": 5695,
        "tickDirection": "ZeroPlusTick",
        "trdMatchID": "5acaff82-b612-8b64-74d4-e8b66321dfbd",
        "grossValue": 877950,
        "homeNotional": 0.0087795,
        "foreignNotional": 50
    },
    {
        "timestamp": "2019-05-03T12:01:44.927Z",
        "symbol": "XBTUSD",
        "side": "Buy",
        "size": 1161,
        "price": 5695,
        "tickDirection": "ZeroPlusTick",
        "trdMatchID": "4abba4b7-4bcc-5ffd-e08c-8ec31c7e2ba4",
        "grossValue": 20385999,
        "homeNotional": 0.20385999,
        "foreignNotional": 1161
    },
    {
        "timestamp": "2019-05-03T12:01:44.927Z",
        "symbol": "XBTUSD",
        "side": "Buy",
        "size": 1000,
        "price": 5695,
        "tickDirection": "ZeroPlusTick",
        "trdMatchID": "7137f3f3-f35b-461b-2a3d-531961b26e22",
        "grossValue": 17559000,
        "homeNotional": 0.17559,
        "foreignNotional": 1000
    },
    {
        "timestamp": "2019-05-03T12:01:44.927Z",
        "symbol": "XBTUSD",
        "side": "Buy",
        "size": 15,
        "price": 5695,
        "tickDirection": "ZeroPlusTick",
        "trdMatchID": "1c55670d-be71-ab82-c096-b2cf3dbbb799",
        "grossValue": 263385,
        "homeNotional": 0.00263385,
        "foreignNotional": 15
    },
    {
        "timestamp": "2019-05-03T12:01:44.927Z",
        "symbol": "XBTUSD",
        "side": "Buy",
        "size": 17,
        "price": 5695,
        "tickDirection": "ZeroPlusTick",
        "trdMatchID": "775a3871-9d02-ae46-e9d7-3c1d872f7be5",
        "grossValue": 298503,
        "homeNotional": 0.00298503,
        "foreignNotional": 17
    },
    {
        "timestamp": "2019-05-03T12:01:44.927Z",
        "symbol": "XBTUSD",
        "side": "Buy",
        "size": 100,
        "price": 5695,
        "tickDirection": "ZeroPlusTick",
        "trdMatchID": "7dfff05f-1d12-e3da-3cdd-39adb98fda97",
        "grossValue": 1755900,
        "homeNotional": 0.017559,
        "foreignNotional": 100
    },
    {
        "timestamp": "2019-05-03T12:01:44.927Z",
        "symbol": "XBTUSD",
        "side": "Buy",
        "size": 20,
        "price": 5695,
        "tickDirection": "ZeroPlusTick",
        "trdMatchID": "93bc214a-6947-324d-9b3a-53f30dc696a8",
        "grossValue": 351180,
        "homeNotional": 0.0035118,
        "foreignNotional": 20
    },
    {
        "timestamp": "2019-05-03T12:01:44.927Z",
        "symbol": "XBTUSD",
        "side": "Buy",
        "size": 17,
        "price": 5695,
        "tickDirection": "ZeroPlusTick",
        "trdMatchID": "2882c80e-e5d2-22ef-4fa9-483d9cbc6d29",
        "grossValue": 298503,
        "homeNotional": 0.00298503,
        "foreignNotional": 17
    },
    {
        "timestamp": "2019-05-03T12:01:44.927Z",
        "symbol": "XBTUSD",
        "side": "Buy",
        "size": 2000,
        "price": 5695,
        "tickDirection": "ZeroPlusTick",
        "trdMatchID": "40c74770-cdf7-7d14-c9b4-9bf6dfb82161",
        "grossValue": 35118000,
        "homeNotional": 0.35118,
        "foreignNotional": 2000
    },
    {
        "timestamp": "2019-05-03T12:01:44.927Z",
        "symbol": "XBTUSD",
        "side": "Buy",
        "size": 100,
        "price": 5695,
        "tickDirection": "ZeroPlusTick",
        "trdMatchID": "57f1a5f1-f667-7723-2903-1f045e4fb934",
        "grossValue": 1755900,
        "homeNotional": 0.017559,
        "foreignNotional": 100
    },
    {
        "timestamp": "2019-05-03T12:01:44.927Z",
        "symbol": "XBTUSD",
        "side": "Buy",
        "size": 77,
        "price": 5695,
        "tickDirection": "ZeroPlusTick",
        "trdMatchID": "3e8234b2-2cbd-1175-8549-7ff8858b209e",
        "grossValue": 1352043,
        "homeNotional": 0.01352043,
        "foreignNotional": 77
    },
    {
        "timestamp": "2019-05-03T12:01:44.927Z",
        "symbol": "XBTUSD",
        "side": "Buy",
        "size": 100,
        "price": 5695.5,
        "tickDirection": "PlusTick",
        "trdMatchID": "c10b4d67-a298-c807-da01-4eeb0c5a6167",
        "grossValue": 1755800,
        "homeNotional": 0.017558,
        "foreignNotional": 100
    },
    {
        "timestamp": "2019-05-03T12:01:44.927Z",
        "symbol": "XBTUSD",
        "side": "Buy",
        "size": 2000,
        "price": 5695.5,
        "tickDirection": "ZeroPlusTick",
        "trdMatchID": "426c857b-5bf9-deb3-2bec-bbebecd32945",
        "grossValue": 35116000,
        "homeNotional": 0.35116,
        "foreignNotional": 2000
    },
    {
        "timestamp": "2019-05-03T12:01:44.927Z",
        "symbol": "XBTUSD",
        "side": "Buy",
        "size": 1161,
        "price": 5695.5,
        "tickDirection": "ZeroPlusTick",
        "trdMatchID": "9d02cbf2-45f9-46ec-47c4-abd1a6046bb4",
        "grossValue": 20384838,
        "homeNotional": 0.20384838,
        "foreignNotional": 1161
    },
    {
        "timestamp": "2019-05-03T12:01:44.927Z",
        "symbol": "XBTUSD",
        "side": "Buy",
        "size": 21,
        "price": 5695.5,
        "tickDirection": "ZeroPlusTick",
        "trdMatchID": "c90d29a6-1746-979c-f934-aa8710b70f9d",
        "grossValue": 368718,
        "homeNotional": 0.00368718,
        "foreignNotional": 21
    },
    {
        "timestamp": "2019-05-03T12:01:44.927Z",
        "symbol": "XBTUSD",
        "side": "Buy",
        "size": 17,
        "price": 5695.5,
        "tickDirection": "ZeroPlusTick",
        "trdMatchID": "8ca3ae27-0796-f77e-1bf9-b119a4633861",
        "grossValue": 298486,
        "homeNotional": 0.00298486,
        "foreignNotional": 17
    },
    {
        "timestamp": "2019-05-03T12:01:44.927Z",
        "symbol": "XBTUSD",
        "side": "Buy",
        "size": 10,
        "price": 5695.5,
        "tickDirection": "ZeroPlusTick",
        "trdMatchID": "ab3f766e-cec2-3de5-dc45-54944132c497",
        "grossValue": 175580,
        "homeNotional": 0.0017558,
        "foreignNotional": 10
    },
    {
        "timestamp": "2019-05-03T12:01:44.927Z",
        "symbol": "XBTUSD",
        "side": "Buy",
        "size": 5000,
        "price": 5696,
        "tickDirection": "PlusTick",
        "trdMatchID": "808d10d3-cd45-2ce7-ed04-1b083c6b7b05",
        "grossValue": 87780000,
        "homeNotional": 0.8778,
        "foreignNotional": 5000
    },
    {
        "timestamp": "2019-05-03T12:01:44.927Z",
        "symbol": "XBTUSD",
        "side": "Buy",
        "size": 100,
        "price": 5696,
        "tickDirection": "ZeroPlusTick",
        "trdMatchID": "1aec0674-9301-8df9-c9f0-47ec3e35e465",
        "grossValue": 1755600,
        "homeNotional": 0.017556,
        "foreignNotional": 100
    },
    {
        "timestamp": "2019-05-03T12:01:44.927Z",
        "symbol": "XBTUSD",
        "side": "Buy",
        "size": 250,
        "price": 5696,
        "tickDirection": "ZeroPlusTick",
        "trdMatchID": "82d9cd8f-3f93-8f84-6d79-c51f81e89422",
        "grossValue": 4389000,
        "homeNotional": 0.04389,
        "foreignNotional": 250
    },
    {
        "timestamp": "2019-05-03T12:01:44.927Z",
        "symbol": "XBTUSD",
        "side": "Buy",
        "size": 15,
        "price": 5696,
        "tickDirection": "ZeroPlusTick",
        "trdMatchID": "a90fa080-ac5a-21d5-0d62-1743f74aa9ec",
        "grossValue": 263340,
        "homeNotional": 0.0026334,
        "foreignNotional": 15
    },
    {
        "timestamp": "2019-05-03T12:01:44.927Z",
        "symbol": "XBTUSD",
        "side": "Buy",
        "size": 28,
        "price": 5696,
        "tickDirection": "ZeroPlusTick",
        "trdMatchID": "1e122947-f7f1-51c5-292c-5da6454573fb",
        "grossValue": 491568,
        "homeNotional": 0.00491568,
        "foreignNotional": 28
    },
    {
        "timestamp": "2019-05-03T12:01:44.927Z",
        "symbol": "XBTUSD",
        "side": "Buy",
        "size": 113,
        "price": 5696,
        "tickDirection": "ZeroPlusTick",
        "trdMatchID": "b18f0330-5660-13ef-57c6-e0d9a5dfbce3",
        "grossValue": 1983828,
        "homeNotional": 0.01983828,
        "foreignNotional": 113
    },
    {
        "timestamp": "2019-05-03T12:01:44.927Z",
        "symbol": "XBTUSD",
        "side": "Buy",
        "size": 1161,
        "price": 5696,
        "tickDirection": "ZeroPlusTick",
        "trdMatchID": "093803a3-3d36-b20c-74b0-f7b025eb788c",
        "grossValue": 20382516,
        "homeNotional": 0.20382516,
        "foreignNotional": 1161
    },
    {
        "timestamp": "2019-05-03T12:01:44.927Z",
        "symbol": "XBTUSD",
        "side": "Buy",
        "size": 20,
        "price": 5696,
        "tickDirection": "ZeroPlusTick",
        "trdMatchID": "06ca0b81-7506-c06c-0d3a-8be3d6b35bc1",
        "grossValue": 351120,
        "homeNotional": 0.0035112,
        "foreignNotional": 20
    },
    {
        "timestamp": "2019-05-03T12:01:44.927Z",
        "symbol": "XBTUSD",
        "side": "Buy",
        "size": 22,
        "price": 5696,
        "tickDirection": "ZeroPlusTick",
        "trdMatchID": "d1c6aefe-b478-70c2-db26-9a4f9727d9b3",
        "grossValue": 386232,
        "homeNotional": 0.00386232,
        "foreignNotional": 22
    },
    {
        "timestamp": "2019-05-03T12:01:44.927Z",
        "symbol": "XBTUSD",
        "side": "Buy",
        "size": 17,
        "price": 5696,
        "tickDirection": "ZeroPlusTick",
        "trdMatchID": "dcb3e800-9f67-9c44-160d-7fe45637ca4e",
        "grossValue": 298452,
        "homeNotional": 0.00298452,
        "foreignNotional": 17
    },
    {
        "timestamp": "2019-05-03T12:01:44.927Z",
        "symbol": "XBTUSD",
        "side": "Buy",
        "size": 1707,
        "price": 5696,
        "tickDirection": "ZeroPlusTick",
        "trdMatchID": "78d2bf71-b2a4-c943-6e5d-9b1d9c73d07a",
        "grossValue": 29968092,
        "homeNotional": 0.29968092,
        "foreignNotional": 1707
    },
    {
        "timestamp": "2019-05-03T12:01:44.927Z",
        "symbol": "XBTUSD",
        "side": "Buy",
        "size": 50,
        "price": 5696,
        "tickDirection": "ZeroPlusTick",
        "trdMatchID": "69e20370-9096-82e6-2fab-81ea0a82f040",
        "grossValue": 877800,
        "homeNotional": 0.008778,
        "foreignNotional": 50
    },
    {
        "timestamp": "2019-05-03T12:01:44.927Z",
        "symbol": "XBTUSD",
        "side": "Buy",
        "size": 600,
        "price": 5696.5,
        "tickDirection": "PlusTick",
        "trdMatchID": "248eb926-f766-8316-3ade-9301676afe61",
        "grossValue": 10533000,
        "homeNotional": 0.10533,
        "foreignNotional": 600
    },
    {
        "timestamp": "2019-05-03T12:01:44.927Z",
        "symbol": "XBTUSD",
        "side": "Buy",
        "size": 1000,
        "price": 5696.5,
        "tickDirection": "ZeroPlusTick",
        "trdMatchID": "39a71112-09f5-4030-bd36-71d45d0c90cd",
        "grossValue": 17555000,
        "homeNotional": 0.17555,
        "foreignNotional": 1000
    },
    {
        "timestamp": "2019-05-03T12:01:44.927Z",
        "symbol": "XBTUSD",
        "side": "Buy",
        "size": 26000,
        "price": 5696.5,
        "tickDirection": "ZeroPlusTick",
        "trdMatchID": "195ae6c7-3501-4bd1-4ff7-867804e30645",
        "grossValue": 456430000,
        "homeNotional": 4.5643,
        "foreignNotional": 26000
    },
    {
        "timestamp": "2019-05-03T12:01:44.927Z",
        "symbol": "XBTUSD",
        "side": "Buy",
        "size": 200,
        "price": 5696.5,
        "tickDirection": "ZeroPlusTick",
        "trdMatchID": "2c4d73f3-1a64-1ab1-5279-fecc1e711558",
        "grossValue": 3511000,
        "homeNotional": 0.03511,
        "foreignNotional": 200
    },
    {
        "timestamp": "2019-05-03T12:01:44.927Z",
        "symbol": "XBTUSD",
        "side": "Buy",
        "size": 1161,
        "price": 5696.5,
        "tickDirection": "ZeroPlusTick",
        "trdMatchID": "b2ae4064-b162-f04f-4b6d-fd018bc4dd4d",
        "grossValue": 20381355,
        "homeNotional": 0.20381355,
        "foreignNotional": 1161
    },
    {
        "timestamp": "2019-05-03T12:01:44.927Z",
        "symbol": "XBTUSD",
        "side": "Buy",
        "size": 245,
        "price": 5696.5,
        "tickDirection": "ZeroPlusTick",
        "trdMatchID": "748bc440-3b82-50fc-bdfa-58a1d42c6c3b",
        "grossValue": 4300975,
        "homeNotional": 0.04300975,
        "foreignNotional": 245
    },
    {
        "timestamp": "2019-05-03T12:01:44.927Z",
        "symbol": "XBTUSD",
        "side": "Buy",
        "size": 23,
        "price": 5696.5,
        "tickDirection": "ZeroPlusTick",
        "trdMatchID": "1e3f507a-b0f9-554c-5538-dc63241d4be0",
        "grossValue": 403765,
        "homeNotional": 0.00403765,
        "foreignNotional": 23
    },
    {
        "timestamp": "2019-05-03T12:01:44.927Z",
        "symbol": "XBTUSD",
        "side": "Buy",
        "size": 17,
        "price": 5696.5,
        "tickDirection": "ZeroPlusTick",
        "trdMatchID": "b9021767-d177-f5b6-0f98-a41498bf791e",
        "grossValue": 298435,
        "homeNotional": 0.00298435,
        "foreignNotional": 17
    },
    {
        "timestamp": "2019-05-03T12:01:44.927Z",
        "symbol": "XBTUSD",
        "side": "Buy",
        "size": 1000,
        "price": 5696.5,
        "tickDirection": "ZeroPlusTick",
        "trdMatchID": "4399469b-8f6b-e620-c8e0-ed350a0cc480",
        "grossValue": 17555000,
        "homeNotional": 0.17555,
        "foreignNotional": 1000
    },
    {
        "timestamp": "2019-05-03T12:01:44.927Z",
        "symbol": "XBTUSD",
        "side": "Buy",
        "size": 15,
        "price": 5696.5,
        "tickDirection": "ZeroPlusTick",
        "trdMatchID": "ddbccf2e-5e76-8aeb-3fe5-015632fe475b",
        "grossValue": 263325,
        "homeNotional": 0.00263325,
        "foreignNotional": 15
    },
    {
        "timestamp": "2019-05-03T12:01:44.927Z",
        "symbol": "XBTUSD",
        "side": "Buy",
        "size": 79,
        "price": 5697,
        "tickDirection": "PlusTick",
        "trdMatchID": "965aa390-b198-5836-3136-af1b407f6fe9",
        "grossValue": 1386687,
        "homeNotional": 0.01386687,
        "foreignNotional": 79
    },
    {
        "timestamp": "2019-05-03T12:01:44.927Z",
        "symbol": "XBTUSD",
        "side": "Buy",
        "size": 103,
        "price": 5697,
        "tickDirection": "ZeroPlusTick",
        "trdMatchID": "e252243e-93d5-7240-b306-d0b19944aa12",
        "grossValue": 1807959,
        "homeNotional": 0.01807959,
        "foreignNotional": 103
    },
    {
        "timestamp": "2019-05-03T12:01:44.927Z",
        "symbol": "XBTUSD",
        "side": "Buy",
        "size": 331,
        "price": 5697,
        "tickDirection": "ZeroPlusTick",
        "trdMatchID": "a74708ac-0721-cf19-de4f-f26672b2d167",
        "grossValue": 5810043,
        "homeNotional": 0.05810043,
        "foreignNotional": 331
    },
    {
        "timestamp": "2019-05-03T12:01:44.927Z",
        "symbol": "XBTUSD",
        "side": "Buy",
        "size": 420,
        "price": 5697,
        "tickDirection": "ZeroPlusTick",
        "trdMatchID": "8f05cb5e-b307-d34b-775b-04ff4d216903",
        "grossValue": 7372260,
        "homeNotional": 0.0737226,
        "foreignNotional": 420
    },
    {
        "timestamp": "2019-05-03T12:01:44.927Z",
        "symbol": "XBTUSD",
        "side": "Buy",
        "size": 100,
        "price": 5697,
        "tickDirection": "ZeroPlusTick",
        "trdMatchID": "2f8fec05-d5a1-b92f-e3f7-38a662b5e3c7",
        "grossValue": 1755300,
        "homeNotional": 0.017553,
        "foreignNotional": 100
    },
    {
        "timestamp": "2019-05-03T12:01:44.927Z",
        "symbol": "XBTUSD",
        "side": "Buy",
        "size": 100,
        "price": 5697,
        "tickDirection": "ZeroPlusTick",
        "trdMatchID": "b5bede09-6148-d05c-b158-e1163131a426",
        "grossValue": 1755300,
        "homeNotional": 0.017553,
        "foreignNotional": 100
    },
    {
        "timestamp": "2019-05-03T12:01:44.927Z",
        "symbol": "XBTUSD",
        "side": "Buy",
        "size": 56,
        "price": 5697,
        "tickDirection": "ZeroPlusTick",
        "trdMatchID": "acdd2c26-425b-d87d-82cd-2033b0dd1d3f",
        "grossValue": 982968,
        "homeNotional": 0.00982968,
        "foreignNotional": 56
    },
    {
        "timestamp": "2019-05-03T12:01:44.927Z",
        "symbol": "XBTUSD",
        "side": "Buy",
        "size": 1914,
        "price": 5697,
        "tickDirection": "ZeroPlusTick",
        "trdMatchID": "719fbc4f-33f6-b697-ba0d-a0c6bf6934cd",
        "grossValue": 33596442,
        "homeNotional": 0.33596442,
        "foreignNotional": 1914
    },
    {
        "timestamp": "2019-05-03T12:01:44.927Z",
        "symbol": "XBTUSD",
        "side": "Buy",
        "size": 30,
        "price": 5697,
        "tickDirection": "ZeroPlusTick",
        "trdMatchID": "75495fda-9b0f-b874-9d56-a7da590356e0",
        "grossValue": 526590,
        "homeNotional": 0.0052659,
        "foreignNotional": 30
    },
    {
        "timestamp": "2019-05-03T12:01:44.927Z",
        "symbol": "XBTUSD",
        "side": "Buy",
        "size": 90,
        "price": 5697,
        "tickDirection": "ZeroPlusTick",
        "trdMatchID": "9a799dde-0b1d-f11c-d636-6decdaae0859",
        "grossValue": 1579770,
        "homeNotional": 0.0157977,
        "foreignNotional": 90
    },
    {
        "timestamp": "2019-05-03T12:01:44.927Z",
        "symbol": "XBTUSD",
        "side": "Buy",
        "size": 2000,
        "price": 5697,
        "tickDirection": "ZeroPlusTick",
        "trdMatchID": "2f4fa689-b6c8-4f07-9f92-0dbdd08274de",
        "grossValue": 35106000,
        "homeNotional": 0.35106,
        "foreignNotional": 2000
    },
    {
        "timestamp": "2019-05-03T12:01:44.927Z",
        "symbol": "XBTUSD",
        "side": "Buy",
        "size": 45,
        "price": 5697,
        "tickDirection": "ZeroPlusTick",
        "trdMatchID": "45e938e8-7de7-743c-21c5-938ee4df654c",
        "grossValue": 789885,
        "homeNotional": 0.00789885,
        "foreignNotional": 45
    },
    {
        "timestamp": "2019-05-03T12:01:44.927Z",
        "symbol": "XBTUSD",
        "side": "Buy",
        "size": 1161,
        "price": 5697,
        "tickDirection": "ZeroPlusTick",
        "trdMatchID": "6485da75-be44-8221-0394-cd20d125fcd6",
        "grossValue": 20379033,
        "homeNotional": 0.20379033,
        "foreignNotional": 1161
    },
    {
        "timestamp": "2019-05-03T12:01:44.927Z",
        "symbol": "XBTUSD",
        "side": "Buy",
        "size": 245,
        "price": 5697,
        "tickDirection": "ZeroPlusTick",
        "trdMatchID": "f71fdcff-9391-812a-b7b8-3e8f2beb68b8",
        "grossValue": 4300485,
        "homeNotional": 0.04300485,
        "foreignNotional": 245
    },
    {
        "timestamp": "2019-05-03T12:01:44.927Z",
        "symbol": "XBTUSD",
        "side": "Buy",
        "size": 24,
        "price": 5697,
        "tickDirection": "ZeroPlusTick",
        "trdMatchID": "2b727573-07b0-0393-8b0b-5c3dc9cdaa3d",
        "grossValue": 421272,
        "homeNotional": 0.00421272,
        "foreignNotional": 24
    },
    {
        "timestamp": "2019-05-03T12:01:44.927Z",
        "symbol": "XBTUSD",
        "side": "Buy",
        "size": 17,
        "price": 5697,
        "tickDirection": "ZeroPlusTick",
        "trdMatchID": "fb47570d-f558-788b-55de-bebbfed09a2f",
        "grossValue": 298401,
        "homeNotional": 0.00298401,
        "foreignNotional": 17
    },
    {
        "timestamp": "2019-05-03T12:01:44.927Z",
        "symbol": "XBTUSD",
        "side": "Buy",
        "size": 50,
        "price": 5697,
        "tickDirection": "ZeroPlusTick",
        "trdMatchID": "70001290-67fc-3c52-4e0a-e1cbb3d1ac5d",
        "grossValue": 877650,
        "homeNotional": 0.0087765,
        "foreignNotional": 50
    },
    {
        "timestamp": "2019-05-03T12:01:44.927Z",
        "symbol": "XBTUSD",
        "side": "Buy",
        "size": 15,
        "price": 5697.5,
        "tickDirection": "PlusTick",
        "trdMatchID": "c47c8e9e-d8ce-151d-c4d5-0e170f9e2665",
        "grossValue": 263280,
        "homeNotional": 0.0026328,
        "foreignNotional": 15
    },
    {
        "timestamp": "2019-05-03T12:01:44.927Z",
        "symbol": "XBTUSD",
        "side": "Buy",
        "size": 100,
        "price": 5697.5,
        "tickDirection": "ZeroPlusTick",
        "trdMatchID": "66b997e9-49ff-fdf7-bbef-898a8d52156e",
        "grossValue": 1755200,
        "homeNotional": 0.017552,
        "foreignNotional": 100
    },
    {
        "timestamp": "2019-05-03T12:01:44.927Z",
        "symbol": "XBTUSD",
        "side": "Buy",
        "size": 136,
        "price": 5697.5,
        "tickDirection": "ZeroPlusTick",
        "trdMatchID": "e89bc344-2c3f-1422-92f0-fe60f92a67bb",
        "grossValue": 2387072,
        "homeNotional": 0.02387072,
        "foreignNotional": 136
    },
    {
        "timestamp": "2019-05-03T12:01:44.927Z",
        "symbol": "XBTUSD",
        "side": "Buy",
        "size": 40,
        "price": 5697.5,
        "tickDirection": "ZeroPlusTick",
        "trdMatchID": "e3c5f503-bdf4-34d9-695f-8f5808ca2d3d",
        "grossValue": 702080,
        "homeNotional": 0.0070208,
        "foreignNotional": 40
    },
    {
        "timestamp": "2019-05-03T12:01:44.927Z",
        "symbol": "XBTUSD",
        "side": "Buy",
        "size": 150,
        "price": 5697.5,
        "tickDirection": "ZeroPlusTick",
        "trdMatchID": "b46c6a99-bd67-fcae-eb36-e6dbee870bf4",
        "grossValue": 2632800,
        "homeNotional": 0.026328,
        "foreignNotional": 150
    },
    {
        "timestamp": "2019-05-03T12:01:44.927Z",
        "symbol": "XBTUSD",
        "side": "Buy",
        "size": 2858,
        "price": 5697.5,
        "tickDirection": "ZeroPlusTick",
        "trdMatchID": "759d8ec4-e557-e807-cf40-092dd4f2278d",
        "grossValue": 50163616,
        "homeNotional": 0.50163616,
        "foreignNotional": 2858
    },
    {
        "timestamp": "2019-05-03T12:01:44.927Z",
        "symbol": "XBTUSD",
        "side": "Buy",
        "size": 15,
        "price": 5697.5,
        "tickDirection": "ZeroPlusTick",
        "trdMatchID": "0cec66ee-714e-7577-25aa-78551b5f9bd1",
        "grossValue": 263280,
        "homeNotional": 0.0026328,
        "foreignNotional": 15
    },
    {
        "timestamp": "2019-05-03T12:01:44.927Z",
        "symbol": "XBTUSD",
        "side": "Buy",
        "size": 100,
        "price": 5697.5,
        "tickDirection": "ZeroPlusTick",
        "trdMatchID": "2b49c958-8fb9-aef0-c82a-73c97741efd7",
        "grossValue": 1755200,
        "homeNotional": 0.017552,
        "foreignNotional": 100
    },
    {
        "timestamp": "2019-05-03T12:01:44.927Z",
        "symbol": "XBTUSD",
        "side": "Buy",
        "size": 113,
        "price": 5697.5,
        "tickDirection": "ZeroPlusTick",
        "trdMatchID": "f00aaa72-fb1c-8921-71b3-e0114501cb67",
        "grossValue": 1983376,
        "homeNotional": 0.01983376,
        "foreignNotional": 113
    },
    {
        "timestamp": "2019-05-03T12:01:44.927Z",
        "symbol": "XBTUSD",
        "side": "Buy",
        "size": 1161,
        "price": 5697.5,
        "tickDirection": "ZeroPlusTick",
        "trdMatchID": "d97458cc-29da-a48a-e782-89901b4e66a6",
        "grossValue": 20377872,
        "homeNotional": 0.20377872,
        "foreignNotional": 1161
    },
    {
        "timestamp": "2019-05-03T12:01:44.927Z",
        "symbol": "XBTUSD",
        "side": "Buy",
        "size": 245,
        "price": 5697.5,
        "tickDirection": "ZeroPlusTick",
        "trdMatchID": "64ee5ef1-b3ec-6b3d-692b-0be9d38728e8",
        "grossValue": 4300240,
        "homeNotional": 0.0430024,
        "foreignNotional": 245
    },
    {
        "timestamp": "2019-05-03T12:01:44.927Z",
        "symbol": "XBTUSD",
        "side": "Buy",
        "size": 336,
        "price": 5697.5,
        "tickDirection": "ZeroPlusTick",
        "trdMatchID": "dc2fdd3b-0e42-9b60-8585-58f1b42996b3",
        "grossValue": 5897472,
        "homeNotional": 0.05897472,
        "foreignNotional": 336
    },
    {
        "timestamp": "2019-05-03T12:01:44.927Z",
        "symbol": "XBTUSD",
        "side": "Buy",
        "size": 25,
        "price": 5697.5,
        "tickDirection": "ZeroPlusTick",
        "trdMatchID": "ec64aa90-341d-085b-f873-e3278515753f",
        "grossValue": 438800,
        "homeNotional": 0.004388,
        "foreignNotional": 25
    },
    {
        "timestamp": "2019-05-03T12:01:44.927Z",
        "symbol": "XBTUSD",
        "side": "Buy",
        "size": 17,
        "price": 5697.5,
        "tickDirection": "ZeroPlusTick",
        "trdMatchID": "6a377ded-0953-10dc-0878-87c84ec982ab",
        "grossValue": 298384,
        "homeNotional": 0.00298384,
        "foreignNotional": 17
    },
    {
        "timestamp": "2019-05-03T12:01:44.927Z",
        "symbol": "XBTUSD",
        "side": "Buy",
        "size": 10000,
        "price": 5697.5,
        "tickDirection": "ZeroPlusTick",
        "trdMatchID": "575d70e9-7a2c-af1f-c35b-76f2270b45e4",
        "grossValue": 175520000,
        "homeNotional": 1.7552,
        "foreignNotional": 10000
    },
    {
        "timestamp": "2019-05-03T12:01:44.927Z",
        "symbol": "XBTUSD",
        "side": "Buy",
        "size": 59,
        "price": 5698,
        "tickDirection": "PlusTick",
        "trdMatchID": "643f12f9-502a-26c9-692a-166d6f027e8f",
        "grossValue": 1035450,
        "homeNotional": 0.0103545,
        "foreignNotional": 59
    },
    {
        "timestamp": "2019-05-03T12:01:44.927Z",
        "symbol": "XBTUSD",
        "side": "Buy",
        "size": 10000,
        "price": 5698,
        "tickDirection": "ZeroPlusTick",
        "trdMatchID": "562837f8-8b1f-800f-84e8-85e7e9c94bce",
        "grossValue": 175500000,
        "homeNotional": 1.755,
        "foreignNotional": 10000
    },
    {
        "timestamp": "2019-05-03T12:01:44.927Z",
        "symbol": "XBTUSD",
        "side": "Buy",
        "size": 1500,
        "price": 5698,
        "tickDirection": "ZeroPlusTick",
        "trdMatchID": "ac0e5c4f-35d5-1bc1-9722-d790bf531dc5",
        "grossValue": 26325000,
        "homeNotional": 0.26325,
        "foreignNotional": 1500
    },
    {
        "timestamp": "2019-05-03T12:01:44.927Z",
        "symbol": "XBTUSD",
        "side": "Buy",
        "size": 104,
        "price": 5698,
        "tickDirection": "ZeroPlusTick",
        "trdMatchID": "306f997a-00f6-f2c7-89fe-6a676044447b",
        "grossValue": 1825200,
        "homeNotional": 0.018252,
        "foreignNotional": 104
    },
    {
        "timestamp": "2019-05-03T12:01:44.927Z",
        "symbol": "XBTUSD",
        "side": "Buy",
        "size": 416,
        "price": 5698,
        "tickDirection": "ZeroPlusTick",
        "trdMatchID": "e9e33a09-9701-53ae-c907-3f3540652da9",
        "grossValue": 7300800,
        "homeNotional": 0.073008,
        "foreignNotional": 416
    },
    {
        "timestamp": "2019-05-03T12:01:44.927Z",
        "symbol": "XBTUSD",
        "side": "Buy",
        "size": 592,
        "price": 5698,
        "tickDirection": "ZeroPlusTick",
        "trdMatchID": "23267ed1-bf98-1c2c-2900-a94dc46c3303",
        "grossValue": 10389600,
        "homeNotional": 0.103896,
        "foreignNotional": 592
    },
    {
        "timestamp": "2019-05-03T12:01:44.927Z",
        "symbol": "XBTUSD",
        "side": "Buy",
        "size": 588,
        "price": 5698,
        "tickDirection": "ZeroPlusTick",
        "trdMatchID": "4b95ba2b-4f47-1891-b10b-821be6202bba",
        "grossValue": 10319400,
        "homeNotional": 0.103194,
        "foreignNotional": 588
    },
    {
        "timestamp": "2019-05-03T12:01:44.927Z",
        "symbol": "XBTUSD",
        "side": "Buy",
        "size": 50,
        "price": 5698,
        "tickDirection": "ZeroPlusTick",
        "trdMatchID": "162f279b-e9c3-03fc-befb-c0642ed5e9e0",
        "grossValue": 877500,
        "homeNotional": 0.008775,
        "foreignNotional": 50
    },
    {
        "timestamp": "2019-05-03T12:01:44.927Z",
        "symbol": "XBTUSD",
        "side": "Buy",
        "size": 3000,
        "price": 5698,
        "tickDirection": "ZeroPlusTick",
        "trdMatchID": "84776688-cdab-b5d0-e3de-2eb71fe89977",
        "grossValue": 52650000,
        "homeNotional": 0.5265,
        "foreignNotional": 3000
    },
    {
        "timestamp": "2019-05-03T12:01:44.927Z",
        "symbol": "XBTUSD",
        "side": "Buy",
        "size": 50,
        "price": 5698,
        "tickDirection": "ZeroPlusTick",
        "trdMatchID": "e7401685-f1b1-7d39-2393-582fcfbd860b",
        "grossValue": 877500,
        "homeNotional": 0.008775,
        "foreignNotional": 50
    },
    {
        "timestamp": "2019-05-03T12:01:44.927Z",
        "symbol": "XBTUSD",
        "side": "Buy",
        "size": 2859,
        "price": 5698,
        "tickDirection": "ZeroPlusTick",
        "trdMatchID": "1913ab34-f201-a3d0-dfcc-90603800c110",
        "grossValue": 50175450,
        "homeNotional": 0.5017545,
        "foreignNotional": 2859
    },
    {
        "timestamp": "2019-05-03T12:01:44.927Z",
        "symbol": "XBTUSD",
        "side": "Buy",
        "size": 1161,
        "price": 5698,
        "tickDirection": "ZeroPlusTick",
        "trdMatchID": "c599a2a5-9feb-e518-eb45-5c63275cc78e",
        "grossValue": 20375550,
        "homeNotional": 0.2037555,
        "foreignNotional": 1161
    },
    {
        "timestamp": "2019-05-03T12:01:44.927Z",
        "symbol": "XBTUSD",
        "side": "Buy",
        "size": 245,
        "price": 5698,
        "tickDirection": "ZeroPlusTick",
        "trdMatchID": "6489abb7-8f60-add5-6c6c-905b45849906",
        "grossValue": 4299750,
        "homeNotional": 0.0429975,
        "foreignNotional": 245
    },
    {
        "timestamp": "2019-05-03T12:01:44.927Z",
        "symbol": "XBTUSD",
        "side": "Buy",
        "size": 26,
        "price": 5698,
        "tickDirection": "ZeroPlusTick",
        "trdMatchID": "575168f8-8459-6066-9727-8089c6c1409f",
        "grossValue": 456300,
        "homeNotional": 0.004563,
        "foreignNotional": 26
    },
    {
        "timestamp": "2019-05-03T12:01:44.927Z",
        "symbol": "XBTUSD",
        "side": "Buy",
        "size": 17,
        "price": 5698,
        "tickDirection": "ZeroPlusTick",
        "trdMatchID": "bfbcd09e-e86a-257d-570c-c37d8dc2938b",
        "grossValue": 298350,
        "homeNotional": 0.0029835,
        "foreignNotional": 17
    },
    {
        "timestamp": "2019-05-03T12:01:44.927Z",
        "symbol": "XBTUSD",
        "side": "Buy",
        "size": 211,
        "price": 5698,
        "tickDirection": "ZeroPlusTick",
        "trdMatchID": "735d3c36-5fdb-584d-5aa1-b0576044d122",
        "grossValue": 3703050,
        "homeNotional": 0.0370305,
        "foreignNotional": 211
    },
    {
        "timestamp": "2019-05-03T12:01:44.927Z",
        "symbol": "XBTUSD",
        "side": "Buy",
        "size": 18000,
        "price": 5698,
        "tickDirection": "ZeroPlusTick",
        "trdMatchID": "51ca3009-1772-54d8-c128-a2ffa6a17973",
        "grossValue": 315900000,
        "homeNotional": 3.159,
        "foreignNotional": 18000
    },
    {
        "timestamp": "2019-05-03T12:01:44.927Z",
        "symbol": "XBTUSD",
        "side": "Buy",
        "size": 100,
        "price": 5698.5,
        "tickDirection": "PlusTick",
        "trdMatchID": "11f3d5fc-b5c7-80c4-5229-1f277a8c90ea",
        "grossValue": 1754800,
        "homeNotional": 0.017548,
        "foreignNotional": 100
    },
    {
        "timestamp": "2019-05-03T12:01:44.927Z",
        "symbol": "XBTUSD",
        "side": "Buy",
        "size": 499,
        "price": 5698.5,
        "tickDirection": "ZeroPlusTick",
        "trdMatchID": "794d214b-6572-dae4-d772-cba79bcc5b83",
        "grossValue": 8756452,
        "homeNotional": 0.08756452,
        "foreignNotional": 499
    },
    {
        "timestamp": "2019-05-03T12:01:44.927Z",
        "symbol": "XBTUSD",
        "side": "Buy",
        "size": 30,
        "price": 5698.5,
        "tickDirection": "ZeroPlusTick",
        "trdMatchID": "fa71fa6e-5232-a36e-ee44-754f32ac66a5",
        "grossValue": 526440,
        "homeNotional": 0.0052644,
        "foreignNotional": 30
    },
    {
        "timestamp": "2019-05-03T12:01:44.927Z",
        "symbol": "XBTUSD",
        "side": "Buy",
        "size": 16,
        "price": 5698.5,
        "tickDirection": "ZeroPlusTick",
        "trdMatchID": "8e8ea863-ab8f-35bd-97ce-f4a2a500cf80",
        "grossValue": 280768,
        "homeNotional": 0.00280768,
        "foreignNotional": 16
    },
    {
        "timestamp": "2019-05-03T12:01:44.927Z",
        "symbol": "XBTUSD",
        "side": "Buy",
        "size": 38,
        "price": 5698.5,
        "tickDirection": "ZeroPlusTick",
        "trdMatchID": "4e8ad3a0-8d8c-34ef-0ca0-0cb75a72db5a",
        "grossValue": 666824,
        "homeNotional": 0.00666824,
        "foreignNotional": 38
    },
    {
        "timestamp": "2019-05-03T12:01:44.927Z",
        "symbol": "XBTUSD",
        "side": "Buy",
        "size": 40,
        "price": 5698.5,
        "tickDirection": "ZeroPlusTick",
        "trdMatchID": "158415db-f823-ddde-c731-3a3411028289",
        "grossValue": 701920,
        "homeNotional": 0.0070192,
        "foreignNotional": 40
    },
    {
        "timestamp": "2019-05-03T12:01:44.927Z",
        "symbol": "XBTUSD",
        "side": "Buy",
        "size": 20,
        "price": 5698.5,
        "tickDirection": "ZeroPlusTick",
        "trdMatchID": "fc58c8a3-51b7-99fa-c087-2435591e2199",
        "grossValue": 350960,
        "homeNotional": 0.0035096,
        "foreignNotional": 20
    },
    {
        "timestamp": "2019-05-03T12:01:44.927Z",
        "symbol": "XBTUSD",
        "side": "Buy",
        "size": 45,
        "price": 5698.5,
        "tickDirection": "ZeroPlusTick",
        "trdMatchID": "19f7837c-2516-1c18-6e4d-b9e9754c7afa",
        "grossValue": 789660,
        "homeNotional": 0.0078966,
        "foreignNotional": 45
    },
    {
        "timestamp": "2019-05-03T12:01:44.927Z",
        "symbol": "XBTUSD",
        "side": "Buy",
        "size": 1161,
        "price": 5698.5,
        "tickDirection": "ZeroPlusTick",
        "trdMatchID": "d4f7e1df-3f7f-94f0-c141-fe6a4375e449",
        "grossValue": 20373228,
        "homeNotional": 0.20373228,
        "foreignNotional": 1161
    },
    {
        "timestamp": "2019-05-03T12:01:44.927Z",
        "symbol": "XBTUSD",
        "side": "Buy",
        "size": 245,
        "price": 5698.5,
        "tickDirection": "ZeroPlusTick",
        "trdMatchID": "ff08dfca-e5a9-25cf-08b8-9d3829e13ffd",
        "grossValue": 4299260,
        "homeNotional": 0.0429926,
        "foreignNotional": 245
    },
    {
        "timestamp": "2019-05-03T12:01:44.927Z",
        "symbol": "XBTUSD",
        "side": "Buy",
        "size": 2859,
        "price": 5698.5,
        "tickDirection": "ZeroPlusTick",
        "trdMatchID": "5bc5c66e-47cc-115e-6476-76635b8f7660",
        "grossValue": 50169732,
        "homeNotional": 0.50169732,
        "foreignNotional": 2859
    },
    {
        "timestamp": "2019-05-03T12:01:44.927Z",
        "symbol": "XBTUSD",
        "side": "Buy",
        "size": 27,
        "price": 5698.5,
        "tickDirection": "ZeroPlusTick",
        "trdMatchID": "f4ce8128-9f8b-5363-8754-e483897a8b90",
        "grossValue": 473796,
        "homeNotional": 0.00473796,
        "foreignNotional": 27
    },
    {
        "timestamp": "2019-05-03T12:01:44.927Z",
        "symbol": "XBTUSD",
        "side": "Buy",
        "size": 17,
        "price": 5698.5,
        "tickDirection": "ZeroPlusTick",
        "trdMatchID": "07d869c3-d78d-9a87-8558-65ac852eebd1",
        "grossValue": 298316,
        "homeNotional": 0.00298316,
        "foreignNotional": 17
    },
    {
        "timestamp": "2019-05-03T12:01:44.927Z",
        "symbol": "XBTUSD",
        "side": "Buy",
        "size": 48,
        "price": 5698.5,
        "tickDirection": "ZeroPlusTick",
        "trdMatchID": "e0ffa2aa-c642-dc92-2748-7d5c87481d92",
        "grossValue": 842304,
        "homeNotional": 0.00842304,
        "foreignNotional": 48
    },
    {
        "timestamp": "2019-05-03T12:01:44.927Z",
        "symbol": "XBTUSD",
        "side": "Buy",
        "size": 3334,
        "price": 5698.5,
        "tickDirection": "ZeroPlusTick",
        "trdMatchID": "01a81172-3bda-65ab-9482-c55c30827c3d",
        "grossValue": 58505032,
        "homeNotional": 0.58505032,
        "foreignNotional": 3334
    },
    {
        "timestamp": "2019-05-03T12:01:44.927Z",
        "symbol": "XBTUSD",
        "side": "Buy",
        "size": 20,
        "price": 5698.5,
        "tickDirection": "ZeroPlusTick",
        "trdMatchID": "ddf2312c-d176-c8d2-048a-f50ce2596497",
        "grossValue": 350960,
        "homeNotional": 0.0035096,
        "foreignNotional": 20
    },
    {
        "timestamp": "2019-05-03T12:01:44.927Z",
        "symbol": "XBTUSD",
        "side": "Buy",
        "size": 48527,
        "price": 5698.5,
        "tickDirection": "ZeroPlusTick",
        "trdMatchID": "8808535f-30f3-711e-5721-1f42fb77e39f",
        "grossValue": 851551796,
        "homeNotional": 8.51551796,
        "foreignNotional": 48527
    },
    {
        "timestamp": "2019-05-03T12:01:44.927Z",
        "symbol": "XBTUSD",
        "side": "Buy",
        "size": 8081,
        "price": 5699,
        "tickDirection": "PlusTick",
        "trdMatchID": "98296769-74b0-7085-ace7-65f6369eb22a",
        "grossValue": 141797307,
        "homeNotional": 1.41797307,
        "foreignNotional": 8081
    },
    {
        "timestamp": "2019-05-03T12:01:44.927Z",
        "symbol": "XBTUSD",
        "side": "Buy",
        "size": 24243,
        "price": 5699,
        "tickDirection": "ZeroPlusTick",
        "trdMatchID": "8174002e-c4d9-16f6-3fc5-f8687f198918",
        "grossValue": 425391921,
        "homeNotional": 4.25391921,
        "foreignNotional": 24243
    },
    {
        "timestamp": "2019-05-03T12:01:44.927Z",
        "symbol": "XBTUSD",
        "side": "Buy",
        "size": 1500,
        "price": 5699,
        "tickDirection": "ZeroPlusTick",
        "trdMatchID": "dde7685b-10ea-7f0b-aec4-a75aa94afb24",
        "grossValue": 26320500,
        "homeNotional": 0.263205,
        "foreignNotional": 1500
    },
    {
        "timestamp": "2019-05-03T12:01:44.927Z",
        "symbol": "XBTUSD",
        "side": "Buy",
        "size": 30,
        "price": 5699,
        "tickDirection": "ZeroPlusTick",
        "trdMatchID": "d5c0168e-1195-e2bb-4670-d87fd1629459",
        "grossValue": 526410,
        "homeNotional": 0.0052641,
        "foreignNotional": 30
    },
    {
        "timestamp": "2019-05-03T12:01:44.927Z",
        "symbol": "XBTUSD",
        "side": "Buy",
        "size": 100,
        "price": 5699,
        "tickDirection": "ZeroPlusTick",
        "trdMatchID": "2626d245-046b-aaf5-ba93-1c8a842310f0",
        "grossValue": 1754700,
        "homeNotional": 0.017547,
        "foreignNotional": 100
    },
    {
        "timestamp": "2019-05-03T12:01:44.927Z",
        "symbol": "XBTUSD",
        "side": "Buy",
        "size": 113,
        "price": 5699,
        "tickDirection": "ZeroPlusTick",
        "trdMatchID": "d35978c4-b1cd-a39c-fbc5-af5deeb82335",
        "grossValue": 1982811,
        "homeNotional": 0.01982811,
        "foreignNotional": 113
    },
    {
        "timestamp": "2019-05-03T12:01:44.927Z",
        "symbol": "XBTUSD",
        "side": "Buy",
        "size": 15,
        "price": 5699,
        "tickDirection": "ZeroPlusTick",
        "trdMatchID": "c01434b0-cb2e-4da3-2327-faadcad9a857",
        "grossValue": 263205,
        "homeNotional": 0.00263205,
        "foreignNotional": 15
    },
    {
        "timestamp": "2019-05-03T12:01:44.927Z",
        "symbol": "XBTUSD",
        "side": "Buy",
        "size": 100,
        "price": 5699,
        "tickDirection": "ZeroPlusTick",
        "trdMatchID": "df550cd6-810b-5ebc-e6f5-4c9b08bf6edc",
        "grossValue": 1754700,
        "homeNotional": 0.017547,
        "foreignNotional": 100
    },
    {
        "timestamp": "2019-05-03T12:01:44.927Z",
        "symbol": "XBTUSD",
        "side": "Buy",
        "size": 64,
        "price": 5699,
        "tickDirection": "ZeroPlusTick",
        "trdMatchID": "0926b8a0-488d-d0e7-f2e0-f96e6d9ee516",
        "grossValue": 1123008,
        "homeNotional": 0.01123008,
        "foreignNotional": 64
    },
    {
        "timestamp": "2019-05-03T12:01:44.927Z",
        "symbol": "XBTUSD",
        "side": "Buy",
        "size": 51,
        "price": 5699,
        "tickDirection": "ZeroPlusTick",
        "trdMatchID": "d88d8772-038f-49f6-e5a9-8b54d7dcf167",
        "grossValue": 894897,
        "homeNotional": 0.00894897,
        "foreignNotional": 51
    },
    {
        "timestamp": "2019-05-03T12:01:44.927Z",
        "symbol": "XBTUSD",
        "side": "Buy",
        "size": 25,
        "price": 5699,
        "tickDirection": "ZeroPlusTick",
        "trdMatchID": "d9fb8a61-7746-3cdc-5cd4-a14b1a984511",
        "grossValue": 438675,
        "homeNotional": 0.00438675,
        "foreignNotional": 25
    },
    {
        "timestamp": "2019-05-03T12:01:44.927Z",
        "symbol": "XBTUSD",
        "side": "Buy",
        "size": 201,
        "price": 5699,
        "tickDirection": "ZeroPlusTick",
        "trdMatchID": "73def70f-b61f-0d86-f9e9-5654853ce442",
        "grossValue": 3526947,
        "homeNotional": 0.03526947,
        "foreignNotional": 201
    },
    {
        "timestamp": "2019-05-03T12:01:44.927Z",
        "symbol": "XBTUSD",
        "side": "Buy",
        "size": 201,
        "price": 5699,
        "tickDirection": "ZeroPlusTick",
        "trdMatchID": "d38717df-8f34-2a96-feab-12b5cf4117b9",
        "grossValue": 3526947,
        "homeNotional": 0.03526947,
        "foreignNotional": 201
    },
    {
        "timestamp": "2019-05-03T12:01:44.927Z",
        "symbol": "XBTUSD",
        "side": "Buy",
        "size": 39,
        "price": 5699,
        "tickDirection": "ZeroPlusTick",
        "trdMatchID": "ed599340-23fa-b494-a2d5-416253538b30",
        "grossValue": 684333,
        "homeNotional": 0.00684333,
        "foreignNotional": 39
    },
    {
        "timestamp": "2019-05-03T12:01:44.927Z",
        "symbol": "XBTUSD",
        "side": "Buy",
        "size": 1161,
        "price": 5699,
        "tickDirection": "ZeroPlusTick",
        "trdMatchID": "9df67050-f215-5219-5c4b-02b0c7ba1a5f",
        "grossValue": 20372067,
        "homeNotional": 0.20372067,
        "foreignNotional": 1161
    },
    {
        "timestamp": "2019-05-03T12:01:44.927Z",
        "symbol": "XBTUSD",
        "side": "Buy",
        "size": 76432,
        "price": 5699,
        "tickDirection": "ZeroPlusTick",
        "trdMatchID": "e2dcf304-ec05-51ed-6b9e-03e910c519c8",
        "grossValue": 1341152304,
        "homeNotional": 13.41152304,
        "foreignNotional": 76432
    },
    {
        "timestamp": "2019-05-03T12:01:45.157Z",
        "symbol": "XBTUSD",
        "side": "Buy",
        "size": 2000,
        "price": 5699,
        "tickDirection": "ZeroPlusTick",
        "trdMatchID": "a704a189-e145-4920-975d-949b619cea21",
        "grossValue": 35094000,
        "homeNotional": 0.35094,
        "foreignNotional": 2000
    },
    {
        "timestamp": "2019-05-03T12:01:45.290Z",
        "symbol": "XBTUSD",
        "side": "Buy",
        "size": 15,
        "price": 5699,
        "tickDirection": "ZeroPlusTick",
        "trdMatchID": "633013f1-b066-e5d0-4a44-ea0554afd182",
        "grossValue": 263205,
        "homeNotional": 0.00263205,
        "foreignNotional": 15
    },
    {
        "timestamp": "2019-05-03T12:01:46.761Z",
        "symbol": "XBTUSD",
        "side": "Sell",
        "size": 10000,
        "price": 5698.5,
        "tickDirection": "MinusTick",
        "trdMatchID": "13b53596-f2e0-6196-5ba9-8492380cf8ac",
        "grossValue": 175480000,
        "homeNotional": 1.7548,
        "foreignNotional": 10000
    },
    {
        "timestamp": "2019-05-03T12:01:47.158Z",
        "symbol": "XBTUSD",
        "side": "Sell",
        "size": 7000,
        "price": 5698.5,
        "tickDirection": "ZeroMinusTick",
        "trdMatchID": "ca1b2c1b-7eef-03eb-0153-8e231778d0f9",
        "grossValue": 122836000,
        "homeNotional": 1.22836,
        "foreignNotional": 7000
    },
    {
        "timestamp": "2019-05-03T12:01:47.287Z",
        "symbol": "XBTUSD",
        "side": "Buy",
        "size": 920,
        "price": 5699,
        "tickDirection": "PlusTick",
        "trdMatchID": "d5a6605b-4a81-0fa0-f2d0-b249229b4cb4",
        "grossValue": 16143240,
        "homeNotional": 0.1614324,
        "foreignNotional": 920
    },
    {
        "timestamp": "2019-05-03T12:01:47.328Z",
        "symbol": "XBTUSD",
        "side": "Buy",
        "size": 12158,
        "price": 5699,
        "tickDirection": "ZeroPlusTick",
        "trdMatchID": "c7602645-c7af-061a-c472-783387a5e6aa",
        "grossValue": 213336426,
        "homeNotional": 2.13336426,
        "foreignNotional": 12158
    },
    {
        "timestamp": "2019-05-03T12:01:47.505Z",
        "symbol": "XBTUSD",
        "side": "Buy",
        "size": 1000,
        "price": 5699,
        "tickDirection": "ZeroPlusTick",
        "trdMatchID": "a4518f9c-467e-92d6-4cb0-327a6e028cb7",
        "grossValue": 17547000,
        "homeNotional": 0.17547,
        "foreignNotional": 1000
    },
    {
        "timestamp": "2019-05-03T12:01:47.582Z",
        "symbol": "XBTUSD",
        "side": "Buy",
        "size": 500,
        "price": 5699,
        "tickDirection": "ZeroPlusTick",
        "trdMatchID": "d44cebd2-be3b-c4b9-7ab4-5ee888d25897",
        "grossValue": 8773500,
        "homeNotional": 0.087735,
        "foreignNotional": 500
    },
    {
        "timestamp": "2019-05-03T12:01:48.007Z",
        "symbol": "XBTUSD",
        "side": "Sell",
        "size": 10,
        "price": 5698.5,
        "tickDirection": "MinusTick",
        "trdMatchID": "c1a1649e-b36e-0f3f-5db6-80a67789126e",
        "grossValue": 175480,
        "homeNotional": 0.0017548,
        "foreignNotional": 10
    },
    {
        "timestamp": "2019-05-03T12:01:48.527Z",
        "symbol": "XBTUSD",
        "side": "Sell",
        "size": 2990,
        "price": 5698.5,
        "tickDirection": "ZeroMinusTick",
        "trdMatchID": "e0ed6d1b-bbcf-3491-c54d-ccdd9e64940a",
        "grossValue": 52468520,
        "homeNotional": 0.5246852,
        "foreignNotional": 2990
    },
    {
        "timestamp": "2019-05-03T12:01:48.527Z",
        "symbol": "XBTUSD",
        "side": "Sell",
        "size": 10000,
        "price": 5698.5,
        "tickDirection": "ZeroMinusTick",
        "trdMatchID": "bcbad213-62de-1a47-e97d-d8d4e44bb3f4",
        "grossValue": 175480000,
        "homeNotional": 1.7548,
        "foreignNotional": 10000
    },
    {
        "timestamp": "2019-05-03T12:01:48.527Z",
        "symbol": "XBTUSD",
        "side": "Sell",
        "size": 37010,
        "price": 5698.5,
        "tickDirection": "ZeroMinusTick",
        "trdMatchID": "d5317b85-68e5-7c79-2f2e-28dfb287ef4b",
        "grossValue": 649451480,
        "homeNotional": 6.4945148,
        "foreignNotional": 37010
    },
    {
        "timestamp": "2019-05-03T12:01:48.589Z",
        "symbol": "XBTUSD",
        "side": "Buy",
        "size": 200,
        "price": 5699,
        "tickDirection": "PlusTick",
        "trdMatchID": "991a0832-7065-1957-4e5a-7ae53ca82bf0",
        "grossValue": 3509400,
        "homeNotional": 0.035094,
        "foreignNotional": 200
    },
    {
        "timestamp": "2019-05-03T12:01:49.290Z",
        "symbol": "XBTUSD",
        "side": "Buy",
        "size": 1000,
        "price": 5699,
        "tickDirection": "ZeroPlusTick",
        "trdMatchID": "f520135c-0a89-ba8b-2d98-3a23b3019c61",
        "grossValue": 17547000,
        "homeNotional": 0.17547,
        "foreignNotional": 1000
    },
    {
        "timestamp": "2019-05-03T12:01:49.528Z",
        "symbol": "XBTUSD",
        "side": "Buy",
        "size": 5000,
        "price": 5699,
        "tickDirection": "ZeroPlusTick",
        "trdMatchID": "7f4d1c9c-1726-eb02-7946-73ba4626d02a",
        "grossValue": 87735000,
        "homeNotional": 0.87735,
        "foreignNotional": 5000
    },
    {
        "timestamp": "2019-05-03T12:01:49.728Z",
        "symbol": "XBTUSD",
        "side": "Sell",
        "size": 113,
        "price": 5698.5,
        "tickDirection": "MinusTick",
        "trdMatchID": "35096e2d-e96b-b4a9-5771-74f4d3524ee3",
        "grossValue": 1982924,
        "homeNotional": 0.01982924,
        "foreignNotional": 113
    },
    {
        "timestamp": "2019-05-03T12:01:49.834Z",
        "symbol": "XBTUSD",
        "side": "Buy",
        "size": 50,
        "price": 5699,
        "tickDirection": "PlusTick",
        "trdMatchID": "0245a019-0f2e-c5ac-a491-41bbe6671ebf",
        "grossValue": 877350,
        "homeNotional": 0.0087735,
        "foreignNotional": 50
    },
    {
        "timestamp": "2019-05-03T12:01:50.210Z",
        "symbol": "XBTUSD",
        "side": "Sell",
        "size": 5,
        "price": 5698.5,
        "tickDirection": "MinusTick",
        "trdMatchID": "d67af536-072d-a3d1-ed1d-dbca6e3414da",
        "grossValue": 87740,
        "homeNotional": 0.0008774,
        "foreignNotional": 5
    },
    {
        "timestamp": "2019-05-03T12:01:50.220Z",
        "symbol": "XBTUSD",
        "side": "Buy",
        "size": 10000,
        "price": 5699,
        "tickDirection": "PlusTick",
        "trdMatchID": "e1897350-94ac-2137-1e8c-eb59c62c7c30",
        "grossValue": 175470000,
        "homeNotional": 1.7547,
        "foreignNotional": 10000
    },
    {
        "timestamp": "2019-05-03T12:01:51.798Z",
        "symbol": "XBTUSD",
        "side": "Buy",
        "size": 300,
        "price": 5699,
        "tickDirection": "ZeroPlusTick",
        "trdMatchID": "e9f36a8c-e413-31ad-3ed2-4ee8d6acb089",
        "grossValue": 5264100,
        "homeNotional": 0.052641,
        "foreignNotional": 300
    },
    {
        "timestamp": "2019-05-03T12:01:51.809Z",
        "symbol": "XBTUSD",
        "side": "Buy",
        "size": 1000,
        "price": 5699,
        "tickDirection": "ZeroPlusTick",
        "trdMatchID": "ae801a4a-7dd8-2789-67f8-cc5aa5050a4b",
        "grossValue": 17547000,
        "homeNotional": 0.17547,
        "foreignNotional": 1000
    },
    {
        "timestamp": "2019-05-03T12:01:51.977Z",
        "symbol": "XBTUSD",
        "side": "Sell",
        "size": 10,
        "price": 5698.5,
        "tickDirection": "MinusTick",
        "trdMatchID": "350a63af-23f0-25e6-bd9f-1c9804db4fa5",
        "grossValue": 175480,
        "homeNotional": 0.0017548,
        "foreignNotional": 10
    },
    {
        "timestamp": "2019-05-03T12:01:52.183Z",
        "symbol": "XBTUSD",
        "side": "Buy",
        "size": 1,
        "price": 5699,
        "tickDirection": "PlusTick",
        "trdMatchID": "bfa0efc9-1c82-5983-e67c-6a619c0f92de",
        "grossValue": 17547,
        "homeNotional": 0.00017547,
        "foreignNotional": 1
    },
    {
        "timestamp": "2019-05-03T12:01:52.208Z",
        "symbol": "XBTUSD",
        "side": "Buy",
        "size": 8,
        "price": 5699,
        "tickDirection": "ZeroPlusTick",
        "trdMatchID": "349bb61d-accb-34f2-60d8-16a8f015a6d9",
        "grossValue": 140376,
        "homeNotional": 0.00140376,
        "foreignNotional": 8
    },
    {
        "timestamp": "2019-05-03T12:01:52.258Z",
        "symbol": "XBTUSD",
        "side": "Buy",
        "size": 500,
        "price": 5699,
        "tickDirection": "ZeroPlusTick",
        "trdMatchID": "2144bc27-a460-a522-f61d-171c6bbbfa88",
        "grossValue": 8773500,
        "homeNotional": 0.087735,
        "foreignNotional": 500
    },
    {
        "timestamp": "2019-05-03T12:01:52.533Z",
        "symbol": "XBTUSD",
        "side": "Buy",
        "size": 1,
        "price": 5699,
        "tickDirection": "ZeroPlusTick",
        "trdMatchID": "317ac68c-cbd0-9f8b-ffe2-a00308e363cb",
        "grossValue": 17547,
        "homeNotional": 0.00017547,
        "foreignNotional": 1
    },
    {
        "timestamp": "2019-05-03T12:01:52.742Z",
        "symbol": "XBTUSD",
        "side": "Sell",
        "size": 50,
        "price": 5698.5,
        "tickDirection": "MinusTick",
        "trdMatchID": "8e39c2fc-c5f9-7831-5efb-cd58f985fdd7",
        "grossValue": 877400,
        "homeNotional": 0.008774,
        "foreignNotional": 50
    },
    {
        "timestamp": "2019-05-03T12:01:53.491Z",
        "symbol": "XBTUSD",
        "side": "Buy",
        "size": 22000,
        "price": 5699,
        "tickDirection": "PlusTick",
        "trdMatchID": "cc8f6a44-81f1-0e22-cee5-56feb4667bc4",
        "grossValue": 386034000,
        "homeNotional": 3.86034,
        "foreignNotional": 22000
    },
    {
        "timestamp": "2019-05-03T12:01:53.980Z",
        "symbol": "XBTUSD",
        "side": "Sell",
        "size": 1000,
        "price": 5698.5,
        "tickDirection": "MinusTick",
        "trdMatchID": "191e51bd-7142-c36c-94b1-c6b67f089094",
        "grossValue": 17548000,
        "homeNotional": 0.17548,
        "foreignNotional": 1000
    },
    {
        "timestamp": "2019-05-03T12:01:54.327Z",
        "symbol": "XBTUSD",
        "side": "Buy",
        "size": 2000,
        "price": 5699,
        "tickDirection": "PlusTick",
        "trdMatchID": "c45f8c9a-ffb1-1985-fd73-6ffef39d9b16",
        "grossValue": 35094000,
        "homeNotional": 0.35094,
        "foreignNotional": 2000
    },
    {
        "timestamp": "2019-05-03T12:01:54.844Z",
        "symbol": "XBTUSD",
        "side": "Sell",
        "size": 1000,
        "price": 5698.5,
        "tickDirection": "MinusTick",
        "trdMatchID": "556ab17a-14b9-792f-746b-d7cd157ff677",
        "grossValue": 17548000,
        "homeNotional": 0.17548,
        "foreignNotional": 1000
    },
    {
        "timestamp": "2019-05-03T12:01:55.438Z",
        "symbol": "XBTUSD",
        "side": "Buy",
        "size": 100,
        "price": 5699,
        "tickDirection": "PlusTick",
        "trdMatchID": "af2ea83b-5a7e-f80b-f224-5f8a54dab737",
        "grossValue": 1754700,
        "homeNotional": 0.017547,
        "foreignNotional": 100
    },
    {
        "timestamp": "2019-05-03T12:01:55.955Z",
        "symbol": "XBTUSD",
        "side": "Sell",
        "size": 200,
        "price": 5698.5,
        "tickDirection": "MinusTick",
        "trdMatchID": "7f20342f-f209-f8a1-8d50-5809cbbc76b0",
        "grossValue": 3509600,
        "homeNotional": 0.035096,
        "foreignNotional": 200
    },
    {
        "timestamp": "2019-05-03T12:01:55.979Z",
        "symbol": "XBTUSD",
        "side": "Buy",
        "size": 2500,
        "price": 5699,
        "tickDirection": "PlusTick",
        "trdMatchID": "94fabfe5-4af5-85cc-f227-2634ffeaf536",
        "grossValue": 43867500,
        "homeNotional": 0.438675,
        "foreignNotional": 2500
    },
    {
        "timestamp": "2019-05-03T12:01:56.882Z",
        "symbol": "XBTUSD",
        "side": "Sell",
        "size": 500,
        "price": 5698.5,
        "tickDirection": "MinusTick",
        "trdMatchID": "43ec798c-ac59-2e26-a44e-1cd8e1830579",
        "grossValue": 8774000,
        "homeNotional": 0.08774,
        "foreignNotional": 500
    },
    {
        "timestamp": "2019-05-03T12:01:57.263Z",
        "symbol": "XBTUSD",
        "side": "Sell",
        "size": 1237,
        "price": 5698.5,
        "tickDirection": "ZeroMinusTick",
        "trdMatchID": "8d66976e-c5ba-3384-ba57-4d276c7928b9",
        "grossValue": 21706876,
        "homeNotional": 0.21706876,
        "foreignNotional": 1237
    },
    {
        "timestamp": "2019-05-03T12:01:57.263Z",
        "symbol": "XBTUSD",
        "side": "Sell",
        "size": 11461,
        "price": 5698.5,
        "tickDirection": "ZeroMinusTick",
        "trdMatchID": "d8919387-d9c4-bdb3-de01-ff54717ffbb1",
        "grossValue": 201117628,
        "homeNotional": 2.01117628,
        "foreignNotional": 11461
    },
    {
        "timestamp": "2019-05-03T12:01:57.263Z",
        "symbol": "XBTUSD",
        "side": "Sell",
        "size": 12368,
        "price": 5698.5,
        "tickDirection": "ZeroMinusTick",
        "trdMatchID": "d3b9e55f-f0e6-5389-09fe-23393d18d26c",
        "grossValue": 217033664,
        "homeNotional": 2.17033664,
        "foreignNotional": 12368
    },
    {
        "timestamp": "2019-05-03T12:01:57.263Z",
        "symbol": "XBTUSD",
        "side": "Sell",
        "size": 4934,
        "price": 5698.5,
        "tickDirection": "ZeroMinusTick",
        "trdMatchID": "d6865de2-88ad-8765-888f-1014293ad673",
        "grossValue": 86581832,
        "homeNotional": 0.86581832,
        "foreignNotional": 4934
    },
    {
        "timestamp": "2019-05-03T12:01:57.359Z",
        "symbol": "XBTUSD",
        "side": "Sell",
        "size": 500,
        "price": 5698.5,
        "tickDirection": "ZeroMinusTick",
        "trdMatchID": "d244a613-b408-6892-2703-bd9794a81bdf",
        "grossValue": 8774000,
        "homeNotional": 0.08774,
        "foreignNotional": 500
    },
    {
        "timestamp": "2019-05-03T12:01:57.412Z",
        "symbol": "XBTUSD",
        "side": "Buy",
        "size": 100,
        "price": 5699,
        "tickDirection": "PlusTick",
        "trdMatchID": "0cf0f599-f976-a266-be85-4b8f0de0a82f",
        "grossValue": 1754700,
        "homeNotional": 0.017547,
        "foreignNotional": 100
    },
    {
        "timestamp": "2019-05-03T12:01:57.520Z",
        "symbol": "XBTUSD",
        "side": "Sell",
        "size": 500,
        "price": 5698.5,
        "tickDirection": "MinusTick",
        "trdMatchID": "47b0fc57-709b-e34e-6a63-bd3cd1370566",
        "grossValue": 8774000,
        "homeNotional": 0.08774,
        "foreignNotional": 500
    },
    {
        "timestamp": "2019-05-03T12:01:57.579Z",
        "symbol": "XBTUSD",
        "side": "Sell",
        "size": 113,
        "price": 5698.5,
        "tickDirection": "ZeroMinusTick",
        "trdMatchID": "4118a175-7e7f-1cfd-0952-d6d2d43b8d68",
        "grossValue": 1982924,
        "homeNotional": 0.01982924,
        "foreignNotional": 113
    },
    {
        "timestamp": "2019-05-03T12:01:57.652Z",
        "symbol": "XBTUSD",
        "side": "Sell",
        "size": 5114,
        "price": 5698.5,
        "tickDirection": "ZeroMinusTick",
        "trdMatchID": "810653b9-8779-02b4-f9e5-5c5d30154770",
        "grossValue": 89740472,
        "homeNotional": 0.89740472,
        "foreignNotional": 5114
    },
    {
        "timestamp": "2019-05-03T12:01:57.652Z",
        "symbol": "XBTUSD",
        "side": "Sell",
        "size": 10864,
        "price": 5698.5,
        "tickDirection": "ZeroMinusTick",
        "trdMatchID": "2afec931-f1ee-c7ba-1ed7-b4a700af3072",
        "grossValue": 190641472,
        "homeNotional": 1.90641472,
        "foreignNotional": 10864
    },
    {
        "timestamp": "2019-05-03T12:01:57.652Z",
        "symbol": "XBTUSD",
        "side": "Sell",
        "size": 1,
        "price": 5698.5,
        "tickDirection": "ZeroMinusTick",
        "trdMatchID": "15eb4a34-a064-c452-9172-e34ff38ecba2",
        "grossValue": 17548,
        "homeNotional": 0.00017548,
        "foreignNotional": 1
    },
    {
        "timestamp": "2019-05-03T12:01:57.652Z",
        "symbol": "XBTUSD",
        "side": "Sell",
        "size": 9767,
        "price": 5698.5,
        "tickDirection": "ZeroMinusTick",
        "trdMatchID": "673d5322-7381-e01f-cdf6-3d269d510011",
        "grossValue": 171391316,
        "homeNotional": 1.71391316,
        "foreignNotional": 9767
    },
    {
        "timestamp": "2019-05-03T12:01:57.652Z",
        "symbol": "XBTUSD",
        "side": "Sell",
        "size": 1,
        "price": 5698.5,
        "tickDirection": "ZeroMinusTick",
        "trdMatchID": "d9b2920e-3a50-7923-3f1f-d9a4b91303c1",
        "grossValue": 17548,
        "homeNotional": 0.00017548,
        "foreignNotional": 1
    },
    {
        "timestamp": "2019-05-03T12:01:57.652Z",
        "symbol": "XBTUSD",
        "side": "Sell",
        "size": 3333,
        "price": 5698.5,
        "tickDirection": "ZeroMinusTick",
        "trdMatchID": "65c83837-fa42-d992-2a81-276a85ebd5cc",
        "grossValue": 58487484,
        "homeNotional": 0.58487484,
        "foreignNotional": 3333
    },
    {
        "timestamp": "2019-05-03T12:01:57.652Z",
        "symbol": "XBTUSD",
        "side": "Sell",
        "size": 11920,
        "price": 5698.5,
        "tickDirection": "ZeroMinusTick",
        "trdMatchID": "091b3e0f-8029-fa93-6dff-235a75abd4fb",
        "grossValue": 209172160,
        "homeNotional": 2.0917216,
        "foreignNotional": 11920
    },
    {
        "timestamp": "2019-05-03T12:01:57.683Z",
        "symbol": "XBTUSD",
        "side": "Sell",
        "size": 3100,
        "price": 5698.5,
        "tickDirection": "ZeroMinusTick",
        "trdMatchID": "b52045c4-bcbf-4a81-bb5b-11161901e8e5",
        "grossValue": 54398800,
        "homeNotional": 0.543988,
        "foreignNotional": 3100
    },
    {
        "timestamp": "2019-05-03T12:01:57.770Z",
        "symbol": "XBTUSD",
        "side": "Sell",
        "size": 5000,
        "price": 5698.5,
        "tickDirection": "ZeroMinusTick",
        "trdMatchID": "da5dfbdf-8d11-061f-d723-cf97020267c5",
        "grossValue": 87740000,
        "homeNotional": 0.8774,
        "foreignNotional": 5000
    },
    {
        "timestamp": "2019-05-03T12:01:58.446Z",
        "symbol": "XBTUSD",
        "side": "Sell",
        "size": 20,
        "price": 5698.5,
        "tickDirection": "ZeroMinusTick",
        "trdMatchID": "078cceb5-fdbf-7dc0-8553-d3a94bac20c4",
        "grossValue": 350960,
        "homeNotional": 0.0035096,
        "foreignNotional": 20
    },
    {
        "timestamp": "2019-05-03T12:01:58.461Z",
        "symbol": "XBTUSD",
        "side": "Sell",
        "size": 4636,
        "price": 5698.5,
        "tickDirection": "ZeroMinusTick",
        "trdMatchID": "2f6e53c2-fd8a-6ec0-53bb-bc3a1c62a943",
        "grossValue": 81352528,
        "homeNotional": 0.81352528,
        "foreignNotional": 4636
    },
    {
        "timestamp": "2019-05-03T12:01:58.461Z",
        "symbol": "XBTUSD",
        "side": "Sell",
        "size": 29979,
        "price": 5698.5,
        "tickDirection": "ZeroMinusTick",
        "trdMatchID": "338473f1-e25c-55de-eff6-1089329efbb4",
        "grossValue": 526071492,
        "homeNotional": 5.26071492,
        "foreignNotional": 29979
    },
    {
        "timestamp": "2019-05-03T12:01:58.461Z",
        "symbol": "XBTUSD",
        "side": "Sell",
        "size": 7085,
        "price": 5698.5,
        "tickDirection": "ZeroMinusTick",
        "trdMatchID": "725f44b8-132b-fb39-27c2-e55f0462a245",
        "grossValue": 124327580,
        "homeNotional": 1.2432758,
        "foreignNotional": 7085
    },
    {
        "timestamp": "2019-05-03T12:01:58.461Z",
        "symbol": "XBTUSD",
        "side": "Sell",
        "size": 10268,
        "price": 5698.5,
        "tickDirection": "ZeroMinusTick",
        "trdMatchID": "93ee8ae5-dbda-e1ec-f687-c439fcfc0477",
        "grossValue": 180182864,
        "homeNotional": 1.80182864,
        "foreignNotional": 10268
    },
    {
        "timestamp": "2019-05-03T12:01:58.461Z",
        "symbol": "XBTUSD",
        "side": "Sell",
        "size": 24080,
        "price": 5698.5,
        "tickDirection": "ZeroMinusTick",
        "trdMatchID": "171c3a31-ac56-ed13-7725-fa97fe56c700",
        "grossValue": 422555840,
        "homeNotional": 4.2255584,
        "foreignNotional": 24080
    },
    {
        "timestamp": "2019-05-03T12:01:58.461Z",
        "symbol": "XBTUSD",
        "side": "Sell",
        "size": 250,
        "price": 5698.5,
        "tickDirection": "ZeroMinusTick",
        "trdMatchID": "aaad5a97-04d9-5ab4-f218-4aee3b3316c2",
        "grossValue": 4387000,
        "homeNotional": 0.04387,
        "foreignNotional": 250
    },
    {
        "timestamp": "2019-05-03T12:01:58.461Z",
        "symbol": "XBTUSD",
        "side": "Sell",
        "size": 450,
        "price": 5698.5,
        "tickDirection": "ZeroMinusTick",
        "trdMatchID": "4a2b7181-32d1-d514-8317-62a46564f297",
        "grossValue": 7896600,
        "homeNotional": 0.078966,
        "foreignNotional": 450
    },
    {
        "timestamp": "2019-05-03T12:01:58.461Z",
        "symbol": "XBTUSD",
        "side": "Sell",
        "size": 960,
        "price": 5698.5,
        "tickDirection": "ZeroMinusTick",
        "trdMatchID": "0504fcce-23bb-12fb-0a0e-248f86526583",
        "grossValue": 16846080,
        "homeNotional": 0.1684608,
        "foreignNotional": 960
    },
    {
        "timestamp": "2019-05-03T12:01:58.461Z",
        "symbol": "XBTUSD",
        "side": "Sell",
        "size": 2,
        "price": 5698.5,
        "tickDirection": "ZeroMinusTick",
        "trdMatchID": "bb712c05-1ac3-2b29-5c33-8e15566a77ce",
        "grossValue": 35096,
        "homeNotional": 0.00035096,
        "foreignNotional": 2
    },
    {
        "timestamp": "2019-05-03T12:01:58.461Z",
        "symbol": "XBTUSD",
        "side": "Sell",
        "size": 5000,
        "price": 5698.5,
        "tickDirection": "ZeroMinusTick",
        "trdMatchID": "fbccf7aa-a4cd-c683-8c53-a7cc3b9cd42a",
        "grossValue": 87740000,
        "homeNotional": 0.8774,
        "foreignNotional": 5000
    },
    {
        "timestamp": "2019-05-03T12:01:58.461Z",
        "symbol": "XBTUSD",
        "side": "Sell",
        "size": 3333,
        "price": 5698.5,
        "tickDirection": "ZeroMinusTick",
        "trdMatchID": "620b6644-8985-ff85-f033-2c8cadffa289",
        "grossValue": 58487484,
        "homeNotional": 0.58487484,
        "foreignNotional": 3333
    },
    {
        "timestamp": "2019-05-03T12:01:58.461Z",
        "symbol": "XBTUSD",
        "side": "Sell",
        "size": 1111,
        "price": 5698.5,
        "tickDirection": "ZeroMinusTick",
        "trdMatchID": "534284e2-29b2-c775-07f5-66be1ead46ba",
        "grossValue": 19495828,
        "homeNotional": 0.19495828,
        "foreignNotional": 1111
    },
    {
        "timestamp": "2019-05-03T12:01:58.461Z",
        "symbol": "XBTUSD",
        "side": "Sell",
        "size": 200,
        "price": 5698.5,
        "tickDirection": "ZeroMinusTick",
        "trdMatchID": "ac901d32-4c6d-f946-7c17-6648c55cdf39",
        "grossValue": 3509600,
        "homeNotional": 0.035096,
        "foreignNotional": 200
    },
    {
        "timestamp": "2019-05-03T12:01:58.461Z",
        "symbol": "XBTUSD",
        "side": "Sell",
        "size": 1111,
        "price": 5698.5,
        "tickDirection": "ZeroMinusTick",
        "trdMatchID": "03e24e55-6a8c-a3fd-331b-f9e7819834c4",
        "grossValue": 19495828,
        "homeNotional": 0.19495828,
        "foreignNotional": 1111
    },
    {
        "timestamp": "2019-05-03T12:01:58.461Z",
        "symbol": "XBTUSD",
        "side": "Sell",
        "size": 1,
        "price": 5698.5,
        "tickDirection": "ZeroMinusTick",
        "trdMatchID": "c8f52f3c-62a8-f58d-21ae-702b8f9e0421",
        "grossValue": 17548,
        "homeNotional": 0.00017548,
        "foreignNotional": 1
    },
    {
        "timestamp": "2019-05-03T12:01:58.461Z",
        "symbol": "XBTUSD",
        "side": "Sell",
        "size": 1000,
        "price": 5698.5,
        "tickDirection": "ZeroMinusTick",
        "trdMatchID": "83d625e3-7c06-cc0c-ab29-ce7f38c9b652",
        "grossValue": 17548000,
        "homeNotional": 0.17548,
        "foreignNotional": 1000
    },
    {
        "timestamp": "2019-05-03T12:01:58.461Z",
        "symbol": "XBTUSD",
        "side": "Sell",
        "size": 15,
        "price": 5698.5,
        "tickDirection": "ZeroMinusTick",
        "trdMatchID": "f13cbe94-9428-9610-fd36-6e81356879ff",
        "grossValue": 263220,
        "homeNotional": 0.0026322,
        "foreignNotional": 15
    },
    {
        "timestamp": "2019-05-03T12:01:58.461Z",
        "symbol": "XBTUSD",
        "side": "Sell",
        "size": 266,
        "price": 5698.5,
        "tickDirection": "ZeroMinusTick",
        "trdMatchID": "aa1da321-bfdd-f80b-d58d-b27b77cdc2e2",
        "grossValue": 4667768,
        "homeNotional": 0.04667768,
        "foreignNotional": 266
    },
    {
        "timestamp": "2019-05-03T12:01:58.461Z",
        "symbol": "XBTUSD",
        "side": "Sell",
        "size": 17,
        "price": 5698.5,
        "tickDirection": "ZeroMinusTick",
        "trdMatchID": "24e65867-aefb-0263-9579-1ef6b001270a",
        "grossValue": 298316,
        "homeNotional": 0.00298316,
        "foreignNotional": 17
    },
    {
        "timestamp": "2019-05-03T12:01:58.461Z",
        "symbol": "XBTUSD",
        "side": "Sell",
        "size": 100,
        "price": 5698.5,
        "tickDirection": "ZeroMinusTick",
        "trdMatchID": "65c8d5a4-063e-1771-ea3c-6aaf291645d2",
        "grossValue": 1754800,
        "homeNotional": 0.017548,
        "foreignNotional": 100
    },
    {
        "timestamp": "2019-05-03T12:01:58.461Z",
        "symbol": "XBTUSD",
        "side": "Sell",
        "size": 8260,
        "price": 5698.5,
        "tickDirection": "ZeroMinusTick",
        "trdMatchID": "8b334071-8623-dde9-08cc-877b41fc4b1e",
        "grossValue": 144946480,
        "homeNotional": 1.4494648,
        "foreignNotional": 8260
    },
    {
        "timestamp": "2019-05-03T12:01:58.461Z",
        "symbol": "XBTUSD",
        "side": "Sell",
        "size": 820,
        "price": 5698.5,
        "tickDirection": "ZeroMinusTick",
        "trdMatchID": "59d272e2-1857-d811-4601-5551cca1ee35",
        "grossValue": 14389360,
        "homeNotional": 0.1438936,
        "foreignNotional": 820
    },
    {
        "timestamp": "2019-05-03T12:01:58.461Z",
        "symbol": "XBTUSD",
        "side": "Sell",
        "size": 1056,
        "price": 5698.5,
        "tickDirection": "ZeroMinusTick",
        "trdMatchID": "19587f2c-408a-83ce-32cc-d47c98a172e7",
        "grossValue": 18530688,
        "homeNotional": 0.18530688,
        "foreignNotional": 1056
    },
    {
        "timestamp": "2019-05-03T12:01:59.534Z",
        "symbol": "XBTUSD",
        "side": "Sell",
        "size": 3944,
        "price": 5698.5,
        "tickDirection": "ZeroMinusTick",
        "trdMatchID": "64a3b851-da7d-1078-001d-a96c91320be5",
        "grossValue": 69209312,
        "homeNotional": 0.69209312,
        "foreignNotional": 3944
    },
    {
        "timestamp": "2019-05-03T12:01:59.534Z",
        "symbol": "XBTUSD",
        "side": "Sell",
        "size": 2,
        "price": 5698.5,
        "tickDirection": "ZeroMinusTick",
        "trdMatchID": "477bce5e-13fe-b243-cbb9-7d1938d775ea",
        "grossValue": 35096,
        "homeNotional": 0.00035096,
        "foreignNotional": 2
    },
    {
        "timestamp": "2019-05-03T12:01:59.534Z",
        "symbol": "XBTUSD",
        "side": "Sell",
        "size": 1,
        "price": 5698.5,
        "tickDirection": "ZeroMinusTick",
        "trdMatchID": "87c45d08-4c8f-6742-bac5-f7307bcdc42a",
        "grossValue": 17548,
        "homeNotional": 0.00017548,
        "foreignNotional": 1
    },
    {
        "timestamp": "2019-05-03T12:01:59.534Z",
        "symbol": "XBTUSD",
        "side": "Sell",
        "size": 311,
        "price": 5698.5,
        "tickDirection": "ZeroMinusTick",
        "trdMatchID": "be0e03e6-d0c7-5a1f-0c55-aafda11269bc",
        "grossValue": 5457428,
        "homeNotional": 0.05457428,
        "foreignNotional": 311
    },
    {
        "timestamp": "2019-05-03T12:01:59.534Z",
        "symbol": "XBTUSD",
        "side": "Sell",
        "size": 988,
        "price": 5698.5,
        "tickDirection": "ZeroMinusTick",
        "trdMatchID": "acef28e6-ddf2-b050-e394-059aa4db9129",
        "grossValue": 17337424,
        "homeNotional": 0.17337424,
        "foreignNotional": 988
    },
    {
        "timestamp": "2019-05-03T12:01:59.534Z",
        "symbol": "XBTUSD",
        "side": "Sell",
        "size": 5000,
        "price": 5698.5,
        "tickDirection": "ZeroMinusTick",
        "trdMatchID": "24a45bf3-935f-c517-053d-1419d0899d96",
        "grossValue": 87740000,
        "homeNotional": 0.8774,
        "foreignNotional": 5000
    },
    {
        "timestamp": "2019-05-03T12:01:59.534Z",
        "symbol": "XBTUSD",
        "side": "Sell",
        "size": 4,
        "price": 5698.5,
        "tickDirection": "ZeroMinusTick",
        "trdMatchID": "c2018a24-7abe-90f1-9be2-ac28c066d0f6",
        "grossValue": 70192,
        "homeNotional": 0.00070192,
        "foreignNotional": 4
    },
    {
        "timestamp": "2019-05-03T12:01:59.534Z",
        "symbol": "XBTUSD",
        "side": "Sell",
        "size": 157,
        "price": 5698.5,
        "tickDirection": "ZeroMinusTick",
        "trdMatchID": "3dda4152-48fd-e3d7-7012-816a91a8b1b8",
        "grossValue": 2755036,
        "homeNotional": 0.02755036,
        "foreignNotional": 157
    },
    {
        "timestamp": "2019-05-03T12:01:59.534Z",
        "symbol": "XBTUSD",
        "side": "Sell",
        "size": 2,
        "price": 5698.5,
        "tickDirection": "ZeroMinusTick",
        "trdMatchID": "6058ad8c-4c0c-246b-06b8-1f81402927a2",
        "grossValue": 35096,
        "homeNotional": 0.00035096,
        "foreignNotional": 2
    },
    {
        "timestamp": "2019-05-03T12:01:59.534Z",
        "symbol": "XBTUSD",
        "side": "Sell",
        "size": 50,
        "price": 5698.5,
        "tickDirection": "ZeroMinusTick",
        "trdMatchID": "8b96d5ba-c418-d5cc-997e-c13c9d6cb5ee",
        "grossValue": 877400,
        "homeNotional": 0.008774,
        "foreignNotional": 50
    },
    {
        "timestamp": "2019-05-03T12:01:59.534Z",
        "symbol": "XBTUSD",
        "side": "Sell",
        "size": 9,
        "price": 5698.5,
        "tickDirection": "ZeroMinusTick",
        "trdMatchID": "d50182da-65ee-f945-101e-643e7a067dfe",
        "grossValue": 157932,
        "homeNotional": 0.00157932,
        "foreignNotional": 9
    },
    {
        "timestamp": "2019-05-03T12:01:59.534Z",
        "symbol": "XBTUSD",
        "side": "Sell",
        "size": 22,
        "price": 5698.5,
        "tickDirection": "ZeroMinusTick",
        "trdMatchID": "626a76d4-670c-f413-6827-eee6e8c3dfa2",
        "grossValue": 386056,
        "homeNotional": 0.00386056,
        "foreignNotional": 22
    },
    {
        "timestamp": "2019-05-03T12:01:59.534Z",
        "symbol": "XBTUSD",
        "side": "Sell",
        "size": 1000,
        "price": 5698.5,
        "tickDirection": "ZeroMinusTick",
        "trdMatchID": "52b3bbbf-6eab-932f-a0d7-739f15510131",
        "grossValue": 17548000,
        "homeNotional": 0.17548,
        "foreignNotional": 1000
    },
    {
        "timestamp": "2019-05-03T12:01:59.534Z",
        "symbol": "XBTUSD",
        "side": "Sell",
        "size": 1,
        "price": 5698.5,
        "tickDirection": "ZeroMinusTick",
        "trdMatchID": "c94f5b03-15fb-f8ab-794a-9c0ac6a0fe7a",
        "grossValue": 17548,
        "homeNotional": 0.00017548,
        "foreignNotional": 1
    },
    {
        "timestamp": "2019-05-03T12:01:59.534Z",
        "symbol": "XBTUSD",
        "side": "Sell",
        "size": 15,
        "price": 5698.5,
        "tickDirection": "ZeroMinusTick",
        "trdMatchID": "54762a58-681e-9b0e-0011-4f5f5a58a48f",
        "grossValue": 263220,
        "homeNotional": 0.0026322,
        "foreignNotional": 15
    },
    {
        "timestamp": "2019-05-03T12:01:59.534Z",
        "symbol": "XBTUSD",
        "side": "Sell",
        "size": 34,
        "price": 5698.5,
        "tickDirection": "ZeroMinusTick",
        "trdMatchID": "cb3c0760-b499-e6a3-f250-81cfd7a15d08",
        "grossValue": 596632,
        "homeNotional": 0.00596632,
        "foreignNotional": 34
    },
    {
        "timestamp": "2019-05-03T12:01:59.534Z",
        "symbol": "XBTUSD",
        "side": "Sell",
        "size": 34,
        "price": 5698.5,
        "tickDirection": "ZeroMinusTick",
        "trdMatchID": "6b733333-e37f-a3b4-a328-bce31068018e",
        "grossValue": 596632,
        "homeNotional": 0.00596632,
        "foreignNotional": 34
    },
    {
        "timestamp": "2019-05-03T12:01:59.534Z",
        "symbol": "XBTUSD",
        "side": "Sell",
        "size": 34,
        "price": 5698.5,
        "tickDirection": "ZeroMinusTick",
        "trdMatchID": "29f0e04e-645f-fba9-3669-711413bf3c52",
        "grossValue": 596632,
        "homeNotional": 0.00596632,
        "foreignNotional": 34
    },
    {
        "timestamp": "2019-05-03T12:01:59.534Z",
        "symbol": "XBTUSD",
        "side": "Sell",
        "size": 34,
        "price": 5698.5,
        "tickDirection": "ZeroMinusTick",
        "trdMatchID": "d5042486-0bf5-2773-c396-aa763db2af8c",
        "grossValue": 596632,
        "homeNotional": 0.00596632,
        "foreignNotional": 34
    },
    {
        "timestamp": "2019-05-03T12:01:59.534Z",
        "symbol": "XBTUSD",
        "side": "Sell",
        "size": 3396,
        "price": 5698.5,
        "tickDirection": "ZeroMinusTick",
        "trdMatchID": "788ab766-7446-6b60-48e2-d4f5d979574a",
        "grossValue": 59593008,
        "homeNotional": 0.59593008,
        "foreignNotional": 3396
    },
    {
        "timestamp": "2019-05-03T12:01:59.534Z",
        "symbol": "XBTUSD",
        "side": "Sell",
        "size": 2500,
        "price": 5698.5,
        "tickDirection": "ZeroMinusTick",
        "trdMatchID": "f6a75bf8-57e2-4237-51b3-2b567a6dcfa6",
        "grossValue": 43870000,
        "homeNotional": 0.4387,
        "foreignNotional": 2500
    },
    {
        "timestamp": "2019-05-03T12:01:59.534Z",
        "symbol": "XBTUSD",
        "side": "Sell",
        "size": 14,
        "price": 5698.5,
        "tickDirection": "ZeroMinusTick",
        "trdMatchID": "60c3820b-116c-6b36-f9a0-61887e817b9e",
        "grossValue": 245672,
        "homeNotional": 0.00245672,
        "foreignNotional": 14
    },
    {
        "timestamp": "2019-05-03T12:01:59.534Z",
        "symbol": "XBTUSD",
        "side": "Sell",
        "size": 1000,
        "price": 5698.5,
        "tickDirection": "ZeroMinusTick",
        "trdMatchID": "9617617d-7186-2f56-caef-01100c500751",
        "grossValue": 17548000,
        "homeNotional": 0.17548,
        "foreignNotional": 1000
    },
    {
        "timestamp": "2019-05-03T12:01:59.534Z",
        "symbol": "XBTUSD",
        "side": "Sell",
        "size": 50,
        "price": 5698.5,
        "tickDirection": "ZeroMinusTick",
        "trdMatchID": "9c8de634-bcfe-0b40-a429-5a9237210acb",
        "grossValue": 877400,
        "homeNotional": 0.008774,
        "foreignNotional": 50
    },
    {
        "timestamp": "2019-05-03T12:01:59.534Z",
        "symbol": "XBTUSD",
        "side": "Sell",
        "size": 17,
        "price": 5698.5,
        "tickDirection": "ZeroMinusTick",
        "trdMatchID": "a076a839-1fdb-7198-4414-df366f297547",
        "grossValue": 298316,
        "homeNotional": 0.00298316,
        "foreignNotional": 17
    },
    {
        "timestamp": "2019-05-03T12:01:59.534Z",
        "symbol": "XBTUSD",
        "side": "Sell",
        "size": 17,
        "price": 5698.5,
        "tickDirection": "ZeroMinusTick",
        "trdMatchID": "4152f13d-b185-2820-e743-59d3e886a4d1",
        "grossValue": 298316,
        "homeNotional": 0.00298316,
        "foreignNotional": 17
    },
    {
        "timestamp": "2019-05-03T12:01:59.534Z",
        "symbol": "XBTUSD",
        "side": "Sell",
        "size": 1364,
        "price": 5698.5,
        "tickDirection": "ZeroMinusTick",
        "trdMatchID": "26ab7cb3-ed04-1ed4-1287-8d45fa227d4e",
        "grossValue": 23935472,
        "homeNotional": 0.23935472,
        "foreignNotional": 1364
    },
    {
        "timestamp": "2019-05-03T12:01:59.951Z",
        "symbol": "XBTUSD",
        "side": "Sell",
        "size": 8000,
        "price": 5698.5,
        "tickDirection": "ZeroMinusTick",
        "trdMatchID": "dccf9fc8-7b21-af1c-8751-f3a4626dd967",
        "grossValue": 140384000,
        "homeNotional": 1.40384,
        "foreignNotional": 8000
    },
    {
        "timestamp": "2019-05-03T12:02:00.013Z",
        "symbol": "XBTUSD",
        "side": "Sell",
        "size": 15232,
        "price": 5698.5,
        "tickDirection": "ZeroMinusTick",
        "trdMatchID": "073b2eec-539a-2fe6-26fc-815e425ac2d4",
        "grossValue": 267291136,
        "homeNotional": 2.67291136,
        "foreignNotional": 15232
    },
    {
        "timestamp": "2019-05-03T12:02:00.704Z",
        "symbol": "XBTUSD",
        "side": "Sell",
        "size": 16,
        "price": 5698.5,
        "tickDirection": "ZeroMinusTick",
        "trdMatchID": "9a5afa6b-c787-0c5e-12f1-d58fea666a03",
        "grossValue": 280768,
        "homeNotional": 0.00280768,
        "foreignNotional": 16
    },
    {
        "timestamp": "2019-05-03T12:02:00.704Z",
        "symbol": "XBTUSD",
        "side": "Sell",
        "size": 1,
        "price": 5698.5,
        "tickDirection": "ZeroMinusTick",
        "trdMatchID": "56679d57-24eb-5241-a16f-0e1ce5289786",
        "grossValue": 17548,
        "homeNotional": 0.00017548,
        "foreignNotional": 1
    },
    {
        "timestamp": "2019-05-03T12:02:00.704Z",
        "symbol": "XBTUSD",
        "side": "Sell",
        "size": 17,
        "price": 5698.5,
        "tickDirection": "ZeroMinusTick",
        "trdMatchID": "3984c233-0bf3-7ea6-c019-e046c1cecb6f",
        "grossValue": 298316,
        "homeNotional": 0.00298316,
        "foreignNotional": 17
    },
    {
        "timestamp": "2019-05-03T12:02:00.704Z",
        "symbol": "XBTUSD",
        "side": "Sell",
        "size": 17,
        "price": 5698.5,
        "tickDirection": "ZeroMinusTick",
        "trdMatchID": "62693e32-69f3-7eba-c1e3-057a2a354045",
        "grossValue": 298316,
        "homeNotional": 0.00298316,
        "foreignNotional": 17
    },
    {
        "timestamp": "2019-05-03T12:02:00.704Z",
        "symbol": "XBTUSD",
        "side": "Sell",
        "size": 16,
        "price": 5698.5,
        "tickDirection": "ZeroMinusTick",
        "trdMatchID": "ae5715ac-fa08-ad8b-3542-07fb0731a934",
        "grossValue": 280768,
        "homeNotional": 0.00280768,
        "foreignNotional": 16
    },
    {
        "timestamp": "2019-05-03T12:02:00.704Z",
        "symbol": "XBTUSD",
        "side": "Sell",
        "size": 43,
        "price": 5698.5,
        "tickDirection": "ZeroMinusTick",
        "trdMatchID": "5f4eec36-2785-8164-b65b-e4e772913595",
        "grossValue": 754564,
        "homeNotional": 0.00754564,
        "foreignNotional": 43
    },
    {
        "timestamp": "2019-05-03T12:02:00.704Z",
        "symbol": "XBTUSD",
        "side": "Sell",
        "size": 5000,
        "price": 5698.5,
        "tickDirection": "ZeroMinusTick",
        "trdMatchID": "d0b88c85-f2c8-97da-622a-44e3d14132f2",
        "grossValue": 87740000,
        "homeNotional": 0.8774,
        "foreignNotional": 5000
    },
    {
        "timestamp": "2019-05-03T12:02:00.704Z",
        "symbol": "XBTUSD",
        "side": "Sell",
        "size": 14890,
        "price": 5698.5,
        "tickDirection": "ZeroMinusTick",
        "trdMatchID": "f4c2b5f6-53b6-dc88-7be1-676d834a731c",
        "grossValue": 261289720,
        "homeNotional": 2.6128972,
        "foreignNotional": 14890
    },
    {
        "timestamp": "2019-05-03T12:02:00.714Z",
        "symbol": "XBTUSD",
        "side": "Buy",
        "size": 100,
        "price": 5699,
        "tickDirection": "PlusTick",
        "trdMatchID": "439fe636-d22f-4865-5e89-802982aea23e",
        "grossValue": 1754700,
        "homeNotional": 0.017547,
        "foreignNotional": 100
    },
    {
        "timestamp": "2019-05-03T12:02:00.722Z",
        "symbol": "XBTUSD",
        "side": "Buy",
        "size": 3000,
        "price": 5699,
        "tickDirection": "ZeroPlusTick",
        "trdMatchID": "d402ec3c-4904-a349-974d-39065d8aebc6",
        "grossValue": 52641000,
        "homeNotional": 0.52641,
        "foreignNotional": 3000
    },
    {
        "timestamp": "2019-05-03T12:02:01.037Z",
        "symbol": "XBTUSD",
        "side": "Sell",
        "size": 1,
        "price": 5698.5,
        "tickDirection": "MinusTick",
        "trdMatchID": "781c02d4-71d7-769f-2141-fe3e7c9b2210",
        "grossValue": 17548,
        "homeNotional": 0.00017548,
        "foreignNotional": 1
    },
    {
        "timestamp": "2019-05-03T12:02:02.189Z",
        "symbol": "XBTUSD",
        "side": "Sell",
        "size": 10000,
        "price": 5698.5,
        "tickDirection": "ZeroMinusTick",
        "trdMatchID": "dc75494b-fd31-d063-6fed-c81a6a9a56b4",
        "grossValue": 175480000,
        "homeNotional": 1.7548,
        "foreignNotional": 10000
    },
    {
        "timestamp": "2019-05-03T12:02:02.275Z",
        "symbol": "XBTUSD",
        "side": "Sell",
        "size": 5109,
        "price": 5698.5,
        "tickDirection": "ZeroMinusTick",
        "trdMatchID": "ae27fa73-c10f-bf87-36bd-c35e33e98eda",
        "grossValue": 89652732,
        "homeNotional": 0.89652732,
        "foreignNotional": 5109
    },
    {
        "timestamp": "2019-05-03T12:02:02.275Z",
        "symbol": "XBTUSD",
        "side": "Sell",
        "size": 26,
        "price": 5698.5,
        "tickDirection": "ZeroMinusTick",
        "trdMatchID": "e705b2b9-3d42-4bc5-af62-8384e1c20679",
        "grossValue": 456248,
        "homeNotional": 0.00456248,
        "foreignNotional": 26
    },
    {
        "timestamp": "2019-05-03T12:02:02.275Z",
        "symbol": "XBTUSD",
        "side": "Sell",
        "size": 9865,
        "price": 5698.5,
        "tickDirection": "ZeroMinusTick",
        "trdMatchID": "6a87364e-a682-6bb8-115d-010032df71f8",
        "grossValue": 173111020,
        "homeNotional": 1.7311102,
        "foreignNotional": 9865
    },
    {
        "timestamp": "2019-05-03T12:02:02.368Z",
        "symbol": "XBTUSD",
        "side": "Sell",
        "size": 135,
        "price": 5698.5,
        "tickDirection": "ZeroMinusTick",
        "trdMatchID": "c91d0bb6-2965-7227-feda-73b428ff6bc9",
        "grossValue": 2368980,
        "homeNotional": 0.0236898,
        "foreignNotional": 135
    },
    {
        "timestamp": "2019-05-03T12:02:02.368Z",
        "symbol": "XBTUSD",
        "side": "Sell",
        "size": 49,
        "price": 5698.5,
        "tickDirection": "ZeroMinusTick",
        "trdMatchID": "a5e8ad32-a417-948a-267b-4a335ee686f7",
        "grossValue": 859852,
        "homeNotional": 0.00859852,
        "foreignNotional": 49
    },
    {
        "timestamp": "2019-05-03T12:02:02.368Z",
        "symbol": "XBTUSD",
        "side": "Sell",
        "size": 100,
        "price": 5698.5,
        "tickDirection": "ZeroMinusTick",
        "trdMatchID": "32d3e402-e5ea-25fb-913f-ced3d4c3294d",
        "grossValue": 1754800,
        "homeNotional": 0.017548,
        "foreignNotional": 100
    },
    {
        "timestamp": "2019-05-03T12:02:02.368Z",
        "symbol": "XBTUSD",
        "side": "Sell",
        "size": 216,
        "price": 5698.5,
        "tickDirection": "ZeroMinusTick",
        "trdMatchID": "b53b4c2d-595c-b37f-3642-f8293d8ec1fe",
        "grossValue": 3790368,
        "homeNotional": 0.03790368,
        "foreignNotional": 216
    },
    {
        "timestamp": "2019-05-03T12:02:02.766Z",
        "symbol": "XBTUSD",
        "side": "Buy",
        "size": 9115,
        "price": 5699,
        "tickDirection": "PlusTick",
        "trdMatchID": "bf22e161-eb48-d7e8-fb14-65a77744c5fb",
        "grossValue": 159940905,
        "homeNotional": 1.59940905,
        "foreignNotional": 9115
    },
    {
        "timestamp": "2019-05-03T12:02:02.766Z",
        "symbol": "XBTUSD",
        "side": "Buy",
        "size": 4497,
        "price": 5699,
        "tickDirection": "ZeroPlusTick",
        "trdMatchID": "f3f43a72-bd10-d007-572c-c074c9a928e7",
        "grossValue": 78908859,
        "homeNotional": 0.78908859,
        "foreignNotional": 4497
    },
    {
        "timestamp": "2019-05-03T12:02:02.801Z",
        "symbol": "XBTUSD",
        "side": "Sell",
        "size": 996,
        "price": 5698.5,
        "tickDirection": "MinusTick",
        "trdMatchID": "e4723193-3a4e-0f69-ae6d-2fdadcef8a28",
        "grossValue": 17477808,
